%########################################################################
%# DO NOT MODIFY IN PAPER REPO
%# continuously copied from https://github.com/FreakyPenguin/bibliography

%###############################################################################
%# Journals

@article{cacm,
  journal = s-acmtocs,
  publisher = {ACM},
}

@article{acmqueue,
  journal = s-acmqueue,
  publisher = {ACM},
}

@article{acmtnet,
  journal = s-acmtnet,
  publisher = {IEEE},
}

@article{acmtocs,
  journal = s-acmtocs,
  publisher = {ACM},
}

@article{ieeecal,
  journal = s-ieeecal,
  publisher = {IEEE},
}

@article{ieeecomputer,
  journal = s-ieeecomputer,
  publisher = {IEEE},
}

@article{ieeemicro,
  journal = s-ieeemicro,
  publisher = {IEEE},
}

@article{ieeetocadics,
  journal = s-ieeetocadics,
  publisher = {IEEE},
}

@article{login,
  journal = s-login,
  publisher = {USENIX},
}

@article{sigarchcan,
  journal = s-sigarchcan,
  publisher = {ACM},
}

@article{sigcommccr,
  journal = s-sigcommccr,
  publisher = {ACM},
}

@article{sigmetrics-per,
  journal = s-sigmetricsper,
  publisher = {ACM},
}

@article{sigopsosr,
  journal = s-sigopsosr,
  publisher = {ACM},
}


@article{pvldb,
  journal = s-pvldb,
  publisher = {{VLDB} Endowment},
}


%###############################################################################
%# Conferences

@proceedings{ancs05,
  booktitle = s-proc#"1st "#s-ancs,
  series = {ANCS},
  year = {2005},
  location = {Princeton, NJ},
}
@proceedings{ancs06,
  booktitle = s-proc#"2nd "#s-ancs,
  series = {ANCS},
  year = {2006},
  location = {San Jose, CA},
}
@proceedings{ancs07,
  booktitle = s-proc#"3rd "#s-ancs,
  series = {ANCS},
  year = {2007},
  location = {Orlando, FL},
}
@proceedings{ancs08,
  booktitle = s-proc#"4th "#s-ancs,
  series = {ANCS},
  year = {2008},
  location = {San Jose, CA},
}
@proceedings{ancs09,
  booktitle = s-proc#"5th "#s-ancs,
  series = {ANCS},
  year = {2009},
  location = {Princeton, NJ},
}
@proceedings{ancs10,
  booktitle = s-proc#"6th "#s-ancs,
  series = {ANCS},
  year = {2010},
  location = {La Jolla, CA},
}
@proceedings{ancs11,
  booktitle = s-proc#"7th "#s-ancs,
  series = {ANCS},
  year = {2011},
  location = {Brooklyn, NY},
}
@proceedings{ancs13,
  booktitle = s-proc#"9th "#s-ancs,
  series = {ANCS},
  year = {2013},
  location = {San Jose, CA},
}
@proceedings{ancs14,
  booktitle = s-proc#"10th "#s-ancs,
  series = {ANCS},
  year = {2014},
  location = {Marina Del Rey, CA},
}

@proceedings{asplos94,
  booktitle = s-proc#"6th "#s-asplos,
  series = {ASPLOS},
  year = {1994},
  location = {San Jose, CA},
}
@proceedings{asplos96,
  booktitle = s-proc#"7th "#s-asplos,
  series = {ASPLOS},
  year = {1996},
  location = {Cambridge, MA},
}
@proceedings{asplos98,
  booktitle = s-proc#"8th "#s-asplos,
  series = {ASPLOS},
  year = {1998},
  location = {San Jose, CA},
}
@proceedings{asplos00,
  booktitle = s-proc#"9th "#s-asplos,
  series = {ASPLOS},
  year = {2000},
  location = {Cambridge, MA},
}
@proceedings{asplos02,
  booktitle = s-proc#"10th "#s-asplos,
  series = {ASPLOS},
  year = {2002},
  location = {San Jose, CA},
}
@proceedings{asplos04,
  booktitle = s-proc#"11th "#s-asplos,
  series = {ASPLOS},
  year = {2004},
  location = {Boston, MA},
}
@proceedings{asplos06,
  booktitle = s-proc#"12th "#s-asplos,
  series = {ASPLOS},
  year = {2006},
  location = {San Jose, CA},
}
@proceedings{asplos08,
  booktitle = s-proc#"13th "#s-asplos,
  series = {ASPLOS},
  year = {2008},
  location = {Seattle, WA},
}
@proceedings{asplos09,
  booktitle = s-proc#"14th "#s-asplos,
  series = {ASPLOS},
  year = {2009},
  location = {Washington, DC},
}
@proceedings{asplos10,
  booktitle = s-proc#"15th "#s-asplos,
  series = {ASPLOS},
  year = {2010},
  location = {Pittsburgh, PA},
}
@proceedings{asplos11,
  booktitle = s-proc#"16th "#s-asplos,
  series = {ASPLOS},
  year = {2011},
  location = {Newport Beach, CA},
}
@proceedings{asplos12,
  booktitle = s-proc#"17th "#s-asplos,
  series = {ASPLOS},
  year = {2012},
  location = {London, United Kingdom},
}
@proceedings{asplos13,
  booktitle = s-proc#"18th "#s-asplos,
  series = {ASPLOS},
  year = {2013},
  location = {Houston, TX},
}
@proceedings{asplos14,
  booktitle = s-proc#"19th "#s-asplos,
  series = {ASPLOS},
  year = {2014},
  location = {Salt Lake City, UT},
}
@proceedings{asplos16,
  booktitle = s-proc#"21st "#s-asplos,
  series = {ASPLOS},
  year = {2016},
  location = {Atlanta, GA},
}
@proceedings{asplos17,
  booktitle = s-proc#"22nd "#s-asplos,
  series = {ASPLOS},
  year = {2017},
  location = {Xi'an, China},
}
@proceedings{asplos18,
  booktitle = s-proc#"23nd "#s-asplos,
  series = {ASPLOS},
  year = {2018},
  location = {Williamsburg, VA},
}
@proceedings{asplos19,
  booktitle = s-proc#"24nd "#s-asplos,
  series = {ASPLOS},
  year = {2019},
  location = {Providence, RI},
}
@proceedings{asplos20,
  booktitle = s-proc#"25nd "#s-asplos,
  series = {ASPLOS},
  year = {2020},
  location = {Lausanne, Switzerland},
}
@proceedings{asplos21,
  booktitle = s-proc#"26nd "#s-asplos,
  series = {ASPLOS},
  year = {2021},
  location = {Virtual},
}

@proceedings{cases13,
  booktitle = s-proc#"2013 "#s-cases,
  series = {CASES},
  year = {2013},
  location = {Montreal, Canada}
}

@proceedings{cgo04,
  booktitle = s-proc#" 9th "#s-cgo,
  series = {CGO},
  year = {2004},
  location = {Palo Alto, CA},
}

@proceedings{conext13,
  booktitle = s-proc#" "#s-conext,
  series = {CoNEXT},
  year = {2013},
  location = {Santa Barbara, CA},
}

@proceedings{dac12,
  booktitle = s-proc#" 49th "#s-dac,
  series = {DAC},
  year = {2012},
  location = {San Francisco, CA},
}

@proceedings{devs14,
  booktitle = s-proc#"Symposium on Theory of Modeling \& Simulation - DEVS Integrative",
  series = {DEVS},
  year = {2014},
  location = {Tampa, FL},
}

@proceedings{fccm20,
  booktitle = s-proc#"28th "#s-fccm,
  series = {FCCM},
  year = {2020},
  location = {Fayetteville, AR},
}

@proceedings{hoti09,
  booktitle = s-proc#"10th "#s-hoti,
  series = {HOTI},
  year = {2009},
  location = {New York, NY},
}

@proceedings{hoti15,
  booktitle = s-proc#"23rd "#s-hoti,
  series = {HOTI},
  year = {2015},
  location = {Santa Clara, CA},
}

@proceedings{hotnets09,
  booktitle = s-proc#"8th "#s-hotnets,
  series = {HotNets},
  year = {2009},
  location = {New York, NY},
}
@proceedings{hotnets10,
  booktitle = s-proc#"10th "#s-hotnets,
  series = {HotNets},
  year = {2010},
  location = {Monterey, CA},
}
@proceedings{hotnets17,
  booktitle = s-proc#"16th "#s-hotnets,
  series = {HotNets},
  year = {2017},
  location = {Palo Alto, CA},
}
@proceedings{hotnets18,
  booktitle = s-proc#"17th "#s-hotnets,
  series = {HotNets},
  year = {2018},
  location = {Redmond, WA},
}
@proceedings{hotnets19,
  booktitle = s-proc#"18th "#s-hotnets,
  series = {HotNets},
  year = {2019},
  location = {Princeton, NJ},
}

@proceedings{hotos03,
  booktitle = s-proc#"9th "#s-hotos,
  series = {HOTOS},
  year = {2003},
  location = {Lihue, Hawaii},
}
@proceedings{hotos09,
  booktitle = s-proc#"12th "#s-hotos,
  series = {HOTOS},
  year = {2009},
  location = {Monte Verit\`{a}, Switzerland},
}
@proceedings{hotos11,
  booktitle = s-proc#"13th "#s-hotos,
  series = {HOTOS},
  year = {2011},
  location = {Napa, CA},
}
@proceedings{hotos13,
  booktitle = s-proc#"14th "#s-hotos,
  series = {HOTOS},
  year = {2013},
  location = {Santa Ana Pueblo, NM},
}
@proceedings{hotos15,
  booktitle = s-proc#"15th "#s-hotos,
  series = {HOTOS},
  year = {2015},
  location = {Kartause Ittingen, Switzerland},
}
@proceedings{hotos17,
  booktitle = s-proc#"16th "#s-hotos,
  series = {HOTOS},
  year = {2017},
  location = {Whistler, Canada},
}

@proceedings{icnp97,
  booktitle = s-proc#"1997 "#s-icnp,
  series = {ICNP},
  year = {1997},
  location = {Atlanta, GA},
}
@proceedings{icnp17,
  booktitle = s-proc#"2017 "#s-icnp,
  series = {ICNP},
  year = {2017},
  location = {Toronto, Canada},
}

@proceedings{isca94,
  booktitle = s-proc#"21st "#s-isca,
  series = {ISCA},
  year = {1994},
  location = {Chicago, IL},
}
@proceedings{isca05,
  booktitle = s-proc#"32nd "#s-isca,
  series = {ISCA},
  year = {2005},
  location = {Madison, WI},
}
@proceedings{isca10,
  booktitle = s-proc#"37th "#s-isca,
  series = {ISCA},
  year = {2010},
  location = {Saint-Malo, France},
}
@proceedings{isca11,
  booktitle = s-proc#"38th "#s-isca,
  series = {ISCA},
  year = {2011},
  location = {San Jose, CA},
}
@proceedings{isca13,
  booktitle = s-proc#"40th "#s-isca,
  series = {ISCA},
  year = {2013},
  location = {Tel-Aviv, Israel},
}
@proceedings{isca14,
  booktitle = s-proc#"41st "#s-isca,
  series = {ISCA},
  year = {2014},
  location = {Minneapolis, MN},
}
@proceedings{isca16,
  booktitle = s-proc#"43rd "#s-isca,
  series = {ISCA},
  year = {2016},
  location = {Seoul, Republic of Korea},
}
@proceedings{isca17,
  booktitle = s-proc#"44th "#s-isca,
  series = {ISCA},
  year = {2017},
  location = {Toronto, ON, Canada},
}
@proceedings{isca18,
  booktitle = s-proc#"45th "#s-isca,
  series = {ISCA},
  year = {2018},
  location = {Los Angeles, CA},
}
@proceedings{isca19,
  booktitle = s-proc#"46th "#s-isca,
  series = {ISCA},
  year = {2019},
  location = {Phoenix, AZ},
}
@proceedings{isca20,
  booktitle = s-proc#"47th "#s-isca,
  series = {ISCA},
  year = {2020},
  location = {Worldwide},
}

@proceedings{igcc11,
  booktitle = s-proc#"2011 "#s-igcc,
  series = {IGCC},
  year = {2011},
  location = {Orlando, FL},
}

@proceedings{ispass14,
  booktitle = s-proc#"2014 "#s-ispass,
  series = {ISPASS},
  year = {2014},
  location = {Monterey, CA},
}
@proceedings{ispass17,
  booktitle = s-proc#"2017 "#s-ispass,
  series = {ISPASS},
  year = {2017},
  location = {Santa Rosa, CA},
}
@proceedings{ispass20,
  booktitle = s-proc#"2020 "#s-ispass,
  series = {ISPASS},
  year = {2020},
  location = {Virtual Event},
}
@proceedings{ispass21,
  booktitle = s-proc#"2021 "#s-ispass,
  series = {ISPASS},
  year = {2021},
  location = {Virtual Event},
}

@proceedings{lisa99,
  booktitle = s-proc#"13th "#s-lisa,
  series = {LISA},
  year = {1999},
  location = {Seattle, WA},
}

@proceedings{fpga10,
  booktitle = s-proc#"18th "#s-fpga,
  series = {FPGA},
  year = {2010},
  location = {Monterey, CA},
}
@proceedings{fpga11,
  booktitle = s-proc#"19th "#s-fpga,
  series = {FPGA},
  year = {2011},
  location = {Monterey, CA},
}
@proceedings{fpga12,
  booktitle = s-proc#"20th "#s-fpga,
  series = {FPGA},
  year = {2012},
  location = {Monterey, CA},
}
@proceedings{fpga13,
  booktitle = s-proc#"21st "#s-fpga,
  series = {FPGA},
  year = {2013},
  location = {Monterey, CA},
}
@proceedings{fpga17,
  booktitle = s-proc#" 2017 "#s-fpga,
  series = {FPGA},
  year = {2017},
  location = {Monterey, CA},
}

@proceedings{hotcloud13,
  booktitle = s-proc#"5th "#s-hotcloud,
  series = {HotCloud},
  year = {2013},
  location = {San Jose, CA},
}

@proceedings{hpca10,
  booktitle = s-proc#"16th "#s-hpca,
  series = {HPCA},
  year = {2010},
  location = {Bangalore, India},
}

@proceedings{hpdc96,
  booktitle = s-proc#"5th "#s-hpdc,
  series = {HPDC},
  year = {1996},
  location = {Syracuse, NY},
}

@proceedings{infocom01,
  booktitle = s-proc#"20th "#s-infocom,
  series = {INFOCOM},
  year = {2001},
  location = {Anchorage, AK},
}
@proceedings{infocom11,
  booktitle = s-proc#"30th "#s-infocom,
  series = {INFOCOM},
  year = {2011},
  location = {Shanghai, China},
}
@proceedings{infocom14,
  booktitle = s-proc#"33rd "#s-infocom,
  series = {INFOCOM},
  year = {2014},
  location = {Toronto, Canada},
}

@proceedings{mspc14,
  booktitle = s-proc#"2014 "#s-mspc,
  series = {MSPC},
  year = {2014},
  location = {Edinburgh, Scotland UK},
}

@proceedings{niceli03,
  booktitle = s-proc#" "#s-niceli,
  series = {NICELI},
  year = {2003},
  location = {Karlsruhe, Germany},
}

@proceedings{nsdi04,
  booktitle = s-proc#"1st "#s-nsdi,
  series = {NSDI},
  year = {2004},
  location = {San Francisco, CA},
}
@proceedings{nsdi05,
  booktitle = s-proc#"2nd "#s-nsdi,
  series = {NSDI},
  year = {2005},
  location = {Boston, MA},
}
@proceedings{nsdi06,
  booktitle = s-proc#"3rd "#s-nsdi,
  series = {NSDI},
  year = {2006},
  location = {San Jose, CA},
}
@proceedings{nsdi07,
  booktitle = s-proc#"4th "#s-nsdi,
  series = {NSDI},
  year = {2007},
  location = {Cambridge, MA},
}
@proceedings{nsdi08,
  booktitle = s-proc#"5th "#s-nsdi,
  series = {NSDI},
  year = {2008},
  location = {San Francisco, CA},
}
@proceedings{nsdi09,
  booktitle = s-proc#"6th "#s-nsdi,
  series = {NSDI},
  year = {2009},
  location = {Boston, MA},
}
@proceedings{nsdi10,
  booktitle = s-proc#"7th "#s-nsdi,
  series = {NSDI},
  year = {2010},
  location = {San Jose, CA},
}
@proceedings{nsdi11,
  booktitle = s-proc#"8th "#s-nsdi,
  series = {NSDI},
  year = {2011},
  location = {Boston, MA},
}
@proceedings{nsdi12,
  booktitle = s-proc#"9th "#s-nsdi,
  series = {NSDI},
  year = {2012},
  location = {San Jose, CA},
}
@proceedings{nsdi13,
  booktitle = s-proc#"10th "#s-nsdi,
  series = {NSDI},
  year = {2013},
  location = {Lombard, IL},
}
@proceedings{nsdi14,
  booktitle = s-proc#"11th "#s-nsdi,
  series = {NSDI},
  year = {2014},
  location = {Seattle, WA},
}
@proceedings{nsdi15,
  booktitle = s-proc#"12th "#s-nsdi,
  series = {NSDI},
  year = {2015},
  location = {Oakland, CA},
}
@proceedings{nsdi16,
  booktitle = s-proc#"13th "#s-nsdi,
  series = {NSDI},
  year = {2016},
  location = {Santa Clara, CA},
}
@proceedings{nsdi17,
  booktitle = s-proc#"14th "#s-nsdi,
  series = {NSDI},
  year = {2017},
  location = {Boston, MA},
}
@proceedings{nsdi18,
  booktitle = s-proc#"15th "#s-nsdi,
  series = {NSDI},
  year = {2018},
  location = {Renton, WA},
}
@proceedings{nsdi19,
  booktitle = s-proc#"16th "#s-nsdi,
  series = {NSDI},
  year = {2019},
  location = {Boston, MA},
}
@proceedings{nsdi20,
  booktitle = s-proc#"17th "#s-nsdi,
  series = {NSDI},
  year = {2020},
  location = {Santa Clara, CA},
}
@proceedings{nsdi21,
  booktitle = s-proc#"18th "#s-nsdi,
  series = {NSDI},
  year = {2021},
  location = {Virtual},
}

@proceedings{osdi94,
  booktitle = s-proc#"1st "#s-osdi,
  series = {OSDI},
  year = {1994},
  location = {Monterey, CA},
}
@proceedings{osdi96,
  booktitle = s-proc#"2nd "#s-osdi,
  series = {OSDI},
  year = {1996},
  location = {Seattle, WA},
}
@proceedings{osdi99,
  booktitle = s-proc#"3rd "#s-osdi,
  series = {OSDI},
  year = {1999},
  location = {New Orleans, LA},
}
@proceedings{osdi00,
  booktitle = s-proc#"4th "#s-osdi,
  series = {OSDI},
  year = {2000},
  location = {San Diego, CA},
}
@proceedings{osdi02,
  booktitle = s-proc#"5th "#s-osdi,
  series = {OSDI},
  year = {2002},
  location = {Boston, MA},
}
@proceedings{osdi04,
  booktitle = s-proc#"6th "#s-osdi,
  series = {OSDI},
  year = {2004},
  location = {San Francisco, CA},
}
@proceedings{osdi06,
  booktitle = s-proc#"7th "#s-osdi,
  series = {OSDI},
  year = {2006},
  location = {Seattle, WA},
}
@proceedings{osdi08,
  booktitle = s-proc#"8th "#s-osdi,
  series = {OSDI},
  year = {2008},
  location = {San Diego, CA},
}
@proceedings{osdi10,
  booktitle = s-proc#"9th "#s-osdi,
  series = {OSDI},
  year = {2010},
  location = {Vancouver, Canada},
}
@proceedings{osdi12,
  booktitle = s-proc#"10th "#s-osdi,
  series = {OSDI},
  year = {2012},
  location = {Hollywood, CA},
}
@proceedings{osdi14,
  booktitle = s-proc#"11th "#s-osdi,
  series = {OSDI},
  year = {2014},
  location = {Broomfield, CO},
}
@proceedings{osdi16,
  booktitle = s-proc#"12th "#s-osdi,
  series = {OSDI},
  year = {2016},
  location = {Savannah, GA},
}
@proceedings{osdi18,
  booktitle = s-proc#"13th "#s-osdi,
  series = {OSDI},
  year = {2018},
  location = {Carlsbad, CA},
}
@proceedings{osdi20,
  booktitle = s-proc#"14th "#s-osdi,
  series = {OSDI},
  year = {2020},
  location = {Virtual Event},
}

@proceedings{plos13,
  booktitle = s-proc#"7th "#s-plos,
  series = {PLOS},
  year = {2013},
  location = {Farmington, PA},
}

@proceedings{samos17,
  booktitle = "2017 "#s-samos,
  series = {SAMOS},
  year = {2017},
  location = {Pythagoreio, Greece},
}

@proceedings{sigcomm88,
  booktitle = s-proc#"1988 "#s-sigcomm,
  series = {SIGCOMM},
  year = {1988},
  location = {Stanford, CA},
}
@proceedings{sigcomm89,
  booktitle = s-proc#"1989 "#s-sigcomm,
  series = {SIGCOMM},
  year = {1989},
  location = {Austin, TX},
}
@proceedings{sigcomm90,
  booktitle = s-proc#"1990 "#s-sigcomm,
  series = {SIGCOMM},
  year = {1990},
  location = {Philadelphia, PA},
}
@proceedings{sigcomm91,
  booktitle = s-proc#"1991 "#s-sigcomm,
  series = {SIGCOMM},
  year = {1991},
  location = {Z{\"{u}}rich, Switzerland},
}
@proceedings{sigcomm92,
  booktitle = s-proc#"1992 "#s-sigcomm,
  series = {SIGCOMM},
  year = {1992},
  location = {Baltimore, MD},
}
@proceedings{sigcomm93,
  booktitle = s-proc#"1993 "#s-sigcomm,
  series = {SIGCOMM},
  year = {1993},
  location = {Baltimore, MD},
}
@proceedings{sigcomm94,
  booktitle = s-proc#"1994 "#s-sigcomm,
  series = {SIGCOMM},
  year = {1994},
  location = {London, United Kingdom},
}
@proceedings{sigcomm95,
  booktitle = s-proc#"1995 "#s-sigcomm,
  series = {SIGCOMM},
  year = {1995},
  location = {Cambridge, MA},
}
@proceedings{sigcomm96,
  booktitle = s-proc#"1996 "#s-sigcomm,
  series = {SIGCOMM},
  year = {1996},
  location = {Palo Alto, CA},
}
@proceedings{sigcomm97,
  booktitle = s-proc#"1997 "#s-sigcomm,
  series = {SIGCOMM},
  year = {1997},
  location = {Cannes, France},
}
@proceedings{sigcomm98,
  booktitle = s-proc#"1998 "#s-sigcomm,
  series = {SIGCOMM},
  year = {1998},
  location = {Vancouver, Canada},
}
@proceedings{sigcomm99,
  booktitle = s-proc#"1999 "#s-sigcomm,
  series = {SIGCOMM},
  year = {1999},
  location = {Cambridge, MA},
}
@proceedings{sigcomm00,
  booktitle = s-proc#"2000 "#s-sigcomm,
  series = {SIGCOMM},
  year = {2000},
  location = {Stockholm, Sweden},
}
@proceedings{sigcomm01,
  booktitle = s-proc#"2001 "#s-sigcomm,
  series = {SIGCOMM},
  year = {2001},
  location = {San Diego, CA},
}
@proceedings{sigcomm02,
  booktitle = s-proc#"2002 "#s-sigcomm,
  series = {SIGCOMM},
  year = {2002},
  location = {Pittsburgh, PA},
}
@proceedings{sigcomm03,
  booktitle = s-proc#"2003 "#s-sigcomm,
  series = {SIGCOMM},
  year = {2003},
  location = {Karlsruhe, Germany},
}
@proceedings{sigcomm04,
  booktitle = s-proc#"2004 "#s-sigcomm,
  series = {SIGCOMM},
  year = {2004},
  location = {Portland, OR},
}
@proceedings{sigcomm05,
  booktitle = s-proc#"2005 "#s-sigcomm,
  series = {SIGCOMM},
  year = {2005},
  location = {Philadelphia, PA},
}
@proceedings{sigcomm06,
  booktitle = s-proc#"2006 "#s-sigcomm,
  series = {SIGCOMM},
  year = {2006},
  location = {Pisa, Italy},
}
@proceedings{sigcomm07,
  booktitle = s-proc#"2007 "#s-sigcomm,
  series = {SIGCOMM},
  year = {2007},
  location = {Koyto, Japan},
}
@proceedings{sigcomm08,
  booktitle = s-proc#"2008 "#s-sigcomm,
  series = {SIGCOMM},
  year = {2008},
  location = {Seattle, WA},
}
@proceedings{sigcomm09,
  booktitle = s-proc#"2009 "#s-sigcomm,
  series = {SIGCOMM},
  year = {2009},
  location = {Barcelona, Spain},
}
@proceedings{sigcomm10,
  booktitle = s-proc#"2010 "#s-sigcomm,
  series = {SIGCOMM},
  year = {2010},
  location = {New Delhi, India},
}
@proceedings{sigcomm11,
  booktitle = s-proc#"2011 "#s-sigcomm,
  series = {SIGCOMM},
  year = {2011},
  location = {Toronto, Canada},
}
@proceedings{sigcomm12,
  booktitle = s-proc#"2012 "#s-sigcomm,
  series = {SIGCOMM},
  year = {2012},
  location = {Helsinki, Finland},
}
@proceedings{sigcomm13,
  booktitle = s-proc#"2013 "#s-sigcomm,
  series = {SIGCOMM},
  year = {2013},
  location = {Hong Kong, China},
}
@proceedings{sigcomm14,
  booktitle = s-proc#"2014 "#s-sigcomm,
  series = {SIGCOMM},
  year = {2014},
  location = {Chicaco, IL},
}
@proceedings{sigcomm15,
  booktitle = s-proc#"2015 "#s-sigcomm,
  series = {SIGCOMM},
  year = {2015},
  location = {London, United Kingdom},
}
@proceedings{sigcomm16,
  booktitle = s-proc#"2016 "#s-sigcomm,
  series = {SIGCOMM},
  year = {2016},
  location = {Florianopolis, Brazil},
}
@proceedings{sigcomm17,
  booktitle = s-proc#"2017 "#s-sigcomm,
  series = {SIGCOMM},
  year = {2017},
  location = {Los Angeles, CA},
}
@proceedings{sigcomm18,
  booktitle = s-proc#"2018 "#s-sigcomm,
  series = {SIGCOMM},
  year = {2018},
  location = {Budapest, Hungary},
}
@proceedings{sigcomm19,
  booktitle = s-proc#"2019 "#s-sigcomm,
  series = {SIGCOMM},
  year = {2019},
  location = {Beijing, China},
}
@proceedings{sigcomm20,
  booktitle = s-proc#"2020 "#s-sigcomm,
  series = {SIGCOMM},
  year = {2020},
  location = {Virtual Event, USA},
}

@proceedings{sigmetrics93,
  booktitle = s-proc#" 1993 "#s-sigmetrics,
  series = {SIGMETRICS},
  year = 1993,
  location = {Santa Clara, CA},
}
@proceedings{sigmetrics12,
  booktitle = s-proc#" 12th "#s-sigmetrics,
  series = {SIGMETRICS},
  year = 2012,
  location = {London, United Kingdom},
}

@proceedings{sigmod14,
  booktitle = s-proc#" 2014 "#s-sigmod,
  series = {SIGMOD},
  year = 2014,
  location = {Snowbird, UT},
}
@proceedings{sigmod15,
  booktitle = s-proc#" 2015 "#s-sigmod,
  series = {SIGMOD},
  year = 2015,
  location = {Melbourne, Australia},
}

@proceedings{simutools08,
  booktitle = s-proc#" 1st "#s-simutools,
  series = {Simutools},
  year = 2008,
  location = {Marseille, France},
}
@proceedings{simutools12,
  booktitle = s-proc#" 1st "#s-simutools,
  series = {Simutools},
  year = 2012,
  location = {Desenzano del Garda, Italy},
}

@proceedings{sosp67,
  booktitle = s-proc#" 1st "#s-sosp,
  series = {SOSP},
  year = {1967},
  location = {Gatlinburg, TN},
}
@proceedings{sosp69,
  booktitle = s-proc#" 2nd "#s-sosp,
  series = {SOSP},
  year = {1969},
  location = {Princeton, NJ},
}
@proceedings{sosp71,
  booktitle = s-proc#" 3rd "#s-sosp,
  series = {SOSP},
  year = {1971},
  location = {Palo Alto, CA},
}
@proceedings{sosp73,
  booktitle = s-proc#" 4th "#s-sosp,
  series = {SOSP},
  year = {1973},
  location = {Yorktown Heights, NY},
}
@proceedings{sosp75,
  booktitle = s-proc#" 5th "#s-sosp,
  series = {SOSP},
  year = {1975},
  location = {Austin, TX},
}
@proceedings{sosp77,
  booktitle = s-proc#" 6th "#s-sosp,
  series = {SOSP},
  year = {1977},
  location = {West Lafayette, IN},
}
@proceedings{sosp79,
  booktitle = s-proc#" 7th "#s-sosp,
  series = {SOSP},
  year = {1979},
  location = {Pacific Grove, CA},
}
@proceedings{sosp81,
  booktitle = s-proc#" 8th "#s-sosp,
  series = {SOSP},
  year = {1981},
  location = {Pacific Grove, CA},
}
@proceedings{sosp83,
  booktitle = s-proc#" 9th "#s-sosp,
  series = {SOSP},
  year = {1983},
  location = {Bretton Woods, NH},
}
@proceedings{sosp85,
  booktitle = s-proc#" 10th "#s-sosp,
  series = {SOSP},
  year = {1985},
  location = {Orcas Island, WA},
}
@proceedings{sosp87,
  booktitle = s-proc#" 11th "#s-sosp,
  series = {SOSP},
  year = {1987},
  location = {Austin, TX},
}
@proceedings{sosp89,
  booktitle = s-proc#" 12th "#s-sosp,
  series = {SOSP},
  year = {1989},
  location = {Litchfield Park, AZ},
}
@proceedings{sosp91,
  booktitle = s-proc#" 13th "#s-sosp,
  series = {SOSP},
  year = {1991},
  location = {Pacific Grove, CA},
}
@proceedings{sosp93,
  booktitle = s-proc#" 14th "#s-sosp,
  series = {SOSP},
  year = {1993},
  location = {Asheville, NC},
}
@proceedings{sosp95,
  booktitle = s-proc#" 15th "#s-sosp,
  series = {SOSP},
  year = {1995},
  location = {Cooper Mountain Resort, CO},
}
@proceedings{sosp97,
  booktitle = s-proc#" 16th "#s-sosp,
  series = {SOSP},
  year = {1997},
  location = {Saint-Malo, France},
}
@proceedings{sosp99,
  booktitle = s-proc#" 17th "#s-sosp,
  series = {SOSP},
  year = {1999},
  location = {Kiawah Island Resort, SC},
}
@proceedings{sosp01,
  booktitle = s-proc#" 18th "#s-sosp,
  series = {SOSP},
  year = {2001},
  location = {Chateau Lake Louise, Canada},
}
@proceedings{sosp03,
  booktitle = s-proc#" 19th "#s-sosp,
  series = {SOSP},
  year = {2003},
  location = {Bolton Landing, NY},
}
@proceedings{sosp05,
  booktitle = s-proc#" 20th "#s-sosp,
  series = {SOSP},
  year = {2005},
  location = {Brighton, United Kingdom},
}
@proceedings{sosp07,
  booktitle = s-proc#" 21st "#s-sosp,
  series = {SOSP},
  year = {2007},
  location = {Stevenson, WA},
}
@proceedings{sosp09,
  booktitle = s-proc#" 22nd "#s-sosp,
  series = {SOSP},
  year = {2009},
  location = {Big Sky, MT},
}
@proceedings{sosp11,
  booktitle = s-proc#" 23rd "#s-sosp,
  series = {SOSP},
  year = {2011},
  location = {Cascais, Portugal},
}
@proceedings{sosp13,
  booktitle = s-proc#" 24th "#s-sosp,
  series = {SOSP},
  year = {2013},
  location = {Farmington, PA},
}
@proceedings{sosp15,
  booktitle = s-proc#" 25th "#s-sosp,
  series = {SOSP},
  year = {2015},
  location = {Monterey, CA},
}
@proceedings{sosp17,
  booktitle = s-proc#" 26th "#s-sosp,
  series = {SOSP},
  year = {2017},
  location = {Shanghai, China},
}
@proceedings{sosp19,
  booktitle = s-proc#" 27th "#s-sosp,
  series = {SOSP},
  year = {2019},
  location = {Huntsville, Canada},
}
@proceedings{sosp21,
  booktitle = s-proc#" 28th "#s-sosp,
  series = {SOSP},
  year = {2021},
  location = {Koblenz, Germany},
}

@proceedings{sosr18,
  booktitle = s-proc#" 2018 "#s-sosr,
  series = {SOSR},
  year = {2018},
  location = {Los Angeles, CA},
}

@proceedings{supercomputing95,
  booktitle = s-proc#" 1995 "#s-supercomputing,
  series = {Supercomputing},
  year = {1995},
  location = {San Diego, CA},
}

@proceedings{trios15,
  booktitle = s-proc#" 3rd "#s-trios,
  series = {TRIOS},
  year = {2015},
  location = {Monterey, CA},
}

@proceedings{usenixatc01,
  booktitle = s-proc#"2001 "#s-usenixatc,
  series = {ATC},
  year = {2001},
  location = {Boston, MA},
}
@proceedings{usenixatc04,
  booktitle = s-proc#"2004 "#s-usenixatc,
  series = {ATC},
  year = {2004},
  location = {Boston, MA},
}
@proceedings{usenixatc08,
  booktitle = s-proc#"2008 "#s-usenixatc,
  series = {ATC},
  year = {2008},
  location = {Boston, MA},
}
@proceedings{usenixatc10,
  booktitle = s-proc#"2010 "#s-usenixatc,
  series = {ATC},
  year = {2010},
  location = {Boston, MA},
}
@proceedings{usenixatc11,
  booktitle = s-proc#"2011 "#s-usenixatc,
  series = {ATC},
  year = {2011},
  location = {Portland, OR},
}
@proceedings{usenixatc12,
  booktitle = s-proc#"2012 "#s-usenixatc,
  series = {ATC},
  year = {2012},
  location = {Boston, MA},
}
@proceedings{usenixatc13,
  booktitle = s-proc#"2013 "#s-usenixatc,
  series = {ATC},
  year = {2013},
  location = {San Jose, CA},
}
@proceedings{usenixatc14,
  booktitle = s-proc#"2014 "#s-usenixatc,
  series = {ATC},
  year = {2014},
  location = {Philadelphia, PA},
}
@proceedings{usenixatc15,
  booktitle = s-proc#"2015 "#s-usenixatc,
  series = {ATC},
  year = {2015},
  location = {Santa Clara, CA},
}
@proceedings{usenixatc16,
  booktitle = s-proc#"2016 "#s-usenixatc,
  series = {ATC},
  year = {2016},
  location = {Denver, CO},
}
@proceedings{usenixatc17,
  booktitle = s-proc#"2017 "#s-usenixatc,
  series = {ATC},
  year = {2017},
  location = {Santa Clara, CA},
}
@proceedings{usenixatc18,
  booktitle = s-proc#"2018 "#s-usenixatc,
  series = {ATC},
  year = {2018},
  location = {Boston, MA},
}
@proceedings{usenixatc19,
  booktitle = s-proc#"2019 "#s-usenixatc,
  series = {ATC},
  year = {2019},
  location = {Renton, WA},
}
@proceedings{usenixatc20,
  booktitle = s-proc#"2020 "#s-usenixatc,
  series = {ATC},
  year = {2020},
  location = {Worldwide},
}

@proceedings{eurosys06,
  booktitle = s-proc#"1st "#s-eurosys,
  series = {EuroSys},
  year = {2006},
  location = {Leuven, Belgium},
}
@proceedings{eurosys07,
  booktitle = s-proc#"2nd "#s-eurosys,
  series = {EuroSys},
  year = {2007},
  location = {Lisbon, Portugal},
}
@proceedings{eurosys08,
  booktitle = s-proc#"3rd "#s-eurosys,
  series = {EuroSys},
  year = {2008},
  location = {Glasglow, Scotland UK},
}
@proceedings{eurosys09,
  booktitle = s-proc#"4th "#s-eurosys,
  series = {EuroSys},
  year = {2009},
  location = {Nuremberg, Germany},
}
@proceedings{eurosys10,
  booktitle = s-proc#"5th "#s-eurosys,
  series = {EuroSys},
  year = {2010},
  location = {Paris, France},
}
@proceedings{eurosys11,
  booktitle = s-proc#"6th "#s-eurosys,
  series = {EuroSys},
  year = {2011},
  location = {Salzburg, Austria},
}
@proceedings{eurosys12,
  booktitle = s-proc#"7th "#s-eurosys,
  series = {EuroSys},
  year = {2012},
  location = {Bern, Switzerland},
}
@proceedings{eurosys13,
  booktitle = s-proc#"8th "#s-eurosys,
  series = {EuroSys},
  year = {2013},
  location = {Prague, Czech Republic},
}
@proceedings{eurosys14,
  booktitle = s-proc#"9th "#s-eurosys,
  series = {EuroSys},
  year = {2014},
  location = {Amsterdam, Netherlands},
}
@proceedings{eurosys15,
  booktitle = s-proc#"10th "#s-eurosys,
  series = {EuroSys},
  year = {2015},
  location = {Bordeaux, France},
}
@proceedings{eurosys16,
  booktitle = s-proc#"11th "#s-eurosys,
  series = {EuroSys},
  year = {2016},
  location = {London, United Kingdom},
}
@proceedings{eurosys17,
  booktitle = s-proc#"12th "#s-eurosys,
  series = {EuroSys},
  year = {2017},
  location = {Belgrade, Serbia},
}
@proceedings{eurosys18,
  booktitle = s-proc#"13th "#s-eurosys,
  series = {EuroSys},
  year = {2018},
  location = {Porto, Portugal},
}
@proceedings{eurosys19,
  booktitle = s-proc#"14th "#s-eurosys,
  series = {EuroSys},
  year = {2019},
  location = {Dresden, Germany},
}
@proceedings{eurosys20,
  booktitle = s-proc#"15th "#s-eurosys,
  series = {EuroSys},
  year = {2020},
  location = {Heraklion, Crete, Greece},
}
@proceedings{eurosys21,
  booktitle = s-proc#"16th "#s-eurosys,
  series = {EuroSys},
  year = {2021},
  location = {Online Event, UK},
}

@proceedings{valuetools06,
  booktitle = s-proc#"1st "#s-valuetools,
  series = {VALUETOOLS},
  year = {2006},
  location = {Pisa, Italy},
}


%###############################################################################
%# Other

@article{corr,
  journal = s-corr,
}
