@misc{bennee:qemu_mttcg,
  author = {Alex Bennée},
  title = {Multi-threaded emulation for {QEMU}},
  month = aug,
  year = 2016,
  howpublished = {\url{https://lwn.net/Articles/697265/}},
}
@misc{corundum_code,
  author = {Forencich, Alex and Snoeren, Alex C. and Porter, George and Papen, George},
  title = {Corundum GitHub Repository},
  year = 2022,
  howpublished = {\url{https://github.com/corundum/corundum}},
  note = {Retrieved Feb 2, 2022},
}
@inproceedings{gem5_ddio,
  author={Alian, Mohammad and Yuan, Yifan and Zhang, Jie and Wang, Ren and Jung, Myoungsoo and Kim, Nam Sung},
  booktitle={2020 IEEE International Symposium on Performance Analysis of Systems and Software (ISPASS)},
  title={Data Direct I/O Characterization for Future I/O System Exploration},
  year={2020},
  volume={},
  number={},
  pages={160-169},
  doi={10.1109/ISPASS48437.2020.00031}
}

@inproceedings{eris,
	address = {Shanghai, China},
	series = {{SOSP} '17},
	title = {Eris: {Coordination}-{Free} {Consistent} {Transactions} {Using} {In}-{Network} {Concurrency} {Control}},
	isbn = {978-1-4503-5085-3},
	url = {https://doi.org/10.1145/3132747.3132751},
	doi = {10.1145/3132747.3132751},
	booktitle = {Proceedings of the 26th {Symposium} on {Operating} {Systems} {Principles}},
	publisher = {Association for Computing Machinery},
	author = {Li, Jialin and Michael, Ellis and Ports, Dan R. K.},
	year = {2017},
}

@misc{privatecomm,
  author = {{Intel Corporation}},
  howpublished = {Private communication.}
}

@article{wang:menshen,
  author = {Tao Wang and Xiangrui Yang and Gianni Antichi and Anirudh Sivaraman and Aurojit Panda},
  title = {Isolation mechanisms for packet-processing pipelines},
  journal = {CoRR},
  volume = {abs/2101.12691},
  year = {2021},
  url = {https://arxiv.org/abs/2101.12691},
  eprinttype = {arXiv},
  eprint    = {2101.12691},
}

@misc{gem5201roadmap,
  author = {Jason Lowe-Power and Bobby Bruce},
  title = {gem5-20.1 Roadmap},
  year = {2020},
  howpublished = {\url{https://www.gem5.org/project/2020/07/01/gem5-20-1-roadmap.html}},
}

@inproceedings{dist-ns3,
    author = {Pelkey, Joshua and Riley, George},
    title = {Distributed Simulation with MPI in Ns-3},
    year = {2011},
    isbn = {9781936968008},
    publisher = {ICST (Institute for Computer Sciences, Social-Informatics and Telecommunications Engineering)},
    address = {Brussels, BEL},
    booktitle = {Proceedings of the 4th International ICST Conference on Simulation Tools and Techniques},
    pages = {410–414},
    numpages = {5},
    keywords = {scalability, parallel and distributed discrete event network simulation},
    location = {Barcelona, Spain},
    series = {SIMUTools '11}
}

@article{chandy:distsim,
  title = {Distributed simulation: A case study in design and verification of distributed programs},
  author = {Chandy, K. Mani and Misra, Jayadev},
  journal = {IEEE Transactions on software engineering},
  volume = {SE-5},
  number = 5,
  pages = {440--452},
  year = 1979,
}

@inproceedings{fujimoto:relaxedsim,
  author = {Fujimoto, Richard M.},
  title = {Exploiting Temporal Uncertainty in Parallel and Distributed Simulations},
  year = 1999,
  booktitle = {Proceedings of the Thirteenth Workshop on Parallel and Distributed Simulation},
  location = {Atlanta, GA},
  series = {PADS}
}

@mastersthesis{bryant:distsim,
  title = {Simulation of packet communication architecture},
  author = {Bryant, Randal Everitt},
  school = {Massachusetts Institute of Technology, Laboratory for
    Computer Science},
  year = 1977
}
