%########################################################################
%# DO NOT MODIFY IN PAPER REPO
%# continuously copied from https://github.com/FreakyPenguin/bibliography

@COMMENT{ ANCS________________________________________________________________,
}

@inproceedings{attig:fpgapktparse,
  crossref = {ancs11},
  author = {Attig, Michael and Brebner, Gordon},
  title = {400 {Gb/s} Programmable Packet Parsing on a Single {FPGA}},
}

@inproceedings{gibb:pktparser,
  crossref = {ancs13},
  author = {Gibb, Glen and Varghese, George and Horowitz, Mark and McKeown, Nick},
  title = {Design Principles for Packet Parsers},
}
@inproceedings{li:gamt,
  crossref = {ancs13},
  author = {Li, Yanbiao and Zhang, Dafang and Liu, Alex X. and Zheng, Jintao},
  title = {{GAMT}: A Fast and Scalable {IP} Lookup Engine for {GPU}-based Software Routers},
}
@inproceedings{sun:snap,
  crossref = {ancs13},
  author = {Sun, Weibin and Ricci, Robert},
  title = {Fast and Flexible: Parallel Packet Processing with {GPUs} and {Click}},
}


@COMMENT{ ASPLOS______________________________________________________________,
}

@inproceedings{heinlein:flashmpsm,
  crossref = {asplos94},
  author = {Heinlein, John and Gharachorloo, Kourosh and Dresser, Scott and Gupta, Anoop},
  title = {Integration of Message Passing and Shared Memory in the {Stanford} {FLASH} Multiprocessor},
}

@inproceedings{binkert:inic,
  crossref = {asplos06},
  author = {Binkert, Nathan L. and Saidi, Ali G. and Reinhardt, Steven K.},
  title = {Integrated Network Interfaces for High-bandwidth {TCP/IP}},
}

@inproceedings{venkatesh:ccores,
  crossref = {asplos10},
  author = {Venkatesh, Ganesh and Sampson, Jack and Goulding, Nathan and Garcia, Saturnino and Bryksin, Vladyslav and Lugo-Martinez, Jose and Swanson, Steven and Taylor, Michael Bedford},
  title = {Conservation Cores: Reducing the Energy of Mature Computations},
}

@inproceedings{agrawal:rhythm,
  crossref = {asplos14},
  author = {Agrawal, Sandeep R. and Pistol, Valentin and Pang, Jun and Tran, John and Tarjan, David and Lebeck, Alvin R.},
  title = {{Rhythm}: Harnessing Data Parallel Hardware for Server Workloads},
}
@inproceedings{novakovic:sonuma,
  crossref = {asplos14},
  author = {Novakovic, Stanko and Daglis, Alexandros and Bugnion, Edouard and Falsafi, Babak and Grot, Boris},
  title = {Scale-out {NUMA}},
}

@inproceedings{bornholt:ferrite,
  crossref = {asplos16},
  author = {Bornholt, James and Kaufmann, Antoine and Li, Jialin and Krishnamurthy, Arvind and Torlak, Emina and Wang, Xi},
  title = {Specifying and Checking File System Crash-Consistency Models},
}
@inproceedings{kaufmann:flexnic,
  crossref = {asplos16},
  author = {Kaufmann, Antoine and Peter, Simon and Sharma, Naveen Kr. and Anderson, Thomas and Krishnamurthy, Arvind},
  title = {High Performance Packet Processing with {FlexNIC}},
}
@inproceedings{lin:fastsocket,
  crossref = {asplos16},
  author = {Lin, Xiaofeng and Chen, Yu and Li, Xiaodong and Mao, Junjie and He, Jiaquan and Xu, Wei and Shi, Yuanchun},
  title = {Scalable Kernel {TCP} Design and Implementation for Short-Lived Connections},
}

@inproceedings{liu:incbricks,
  crossref = {asplos17},
  author = {Liu, Ming and Luo, Liang and Nelson, Jacob and Ceze, Luis and Krishnamurthy, Arvind and Atreya, Kishore},
  title = {IncBricks: Toward In-Network Computation with an In-Network Cache},
}

@inproceedings{daglis:rpcvalet,
  crossref = {asplos19},
  author = {Daglis, Alexandros and Sutherland, Mark and Falsafi, Babak},
  title = {{RPCValet}: {NI}-Driven Tail-Aware Balancing of $\mu$s-Scale {RPCs}},
}

@inproceedings{lazarev:dagger,
  crossref = {asplos21},
  author = {Lazarev, Nikita and Xiang, Shaojie and Adit, Neil and Zhang, Zhiru and Delimitrou, Christina},
  title = {Dagger: Efficient and Fast RPCs in Cloud Microservices with near-Memory Reconfigurable NICs},
}


@COMMENT{ CASES_______________________________________________________________,
}

@inproceedings{taylor:bitcoin,
  crossref = {cases13},
  author = {Taylor, Michael Bedford},
  title = {Bitcoin and the Age of Bespoke Silicon},
}


@COMMENT{ CGO_________________________________________________________________,
}

@inproceedings{lattner:lllvm,
  crossref = {cgo04},
  author = {Lattner, Chris and Adve, Vikram},
  title = {{LLVM}: A Compilation Framework for Lifelong Program Analysis \& Transformation},
}

@COMMENT{ CONEXT______________________________________________________________,
}

@inproceedings{tazaki:dce,
  crossref = {conext13},
  author = {Tazaki, Hajime and Uarbani, Fr\'{e}d\'{e}ric and Mancini, Emilio and Lacage, Mathieu and Camara, Daniel and Turletti, Thierry and Dabbous, Walid},
  title = {Direct Code Execution: Revisiting Library {OS} Architecture for Reproducible Network Experiments},
}


@COMMENT{ DAC_________________________________________________________________,
}

@inproceedings{bachrach:chisel,
  crossref = {dac12},
  title = {{Chisel}: constructing hardware in a {Scala} embedded language},
  author = {Bachrach, Jonathan and Vo, Huy and Richards, Brian and Lee, Yunsup and Waterman, Andrew and Avi{\v{z}}ienis, Rimas and Wawrzynek, John and Asanovi{\'c}, Krste},
}


@COMMENT{ DEVS________________________________________________________________,
}
@inproceedings{ciraci:fncs,
  crossref = {devs14},
  author = {Ciraci, Selim and Daily, Jeff and Fuller, Jason and Fisher, Andrew and Marinovici, Laurentiu and Agarwal, Khushbu},
  title = {{FNCS}: A Framework for Power System and Communication Networks Co-Simulation},
}


@COMMENT{ EUROSYS_____________________________________________________________,
}

@inproceedings{pesterev:affinity_accept,
  crossref = {eurosys12},
  author = {Pesterev, Aleksey and Strauss, Jacob and Zeldovich, Nickolai and Morris, Robert T.},
  title = {Improving Network Connection Locality on Multicore Systems},
}

@inproceedings{chen:drtmr,
  crossref = {eurosys16},
  author = {Chen, Yanzhe and Wei, Xingda and Shi, Jiaxin and Chen, Rong and Chen, Haibo},
  title = {Fast and General Distributed Transactions Using {RDMA} and {HTM}},
}
@inproceedings{geng:juggler,
  crossref = {eurosys16},
  author = {Geng, Yilong and Jeyakumar, Vimalkumar and Kabbani, Abdul and Alizadeh, Mohammad},
  title = {{Juggler}: A Practical Reordering Resilient Network Stack for Datacenters},
}

@inproceedings{kaufmann:tas,
  crossref = {eurosys19},
  author = {Kaufmann, Antoine and Stamler, Tim and Peter, Simon and Sharma, Naveen Kr. and Krishnamurthy, Arvind and Anderson, Thomas},
  title = {{TAS}: {TCP} Acceleration as an {OS} Service},
}

@inproceedings{sidler:strom,
  crossref = {eurosys20},
  author = {Sidler, David and Wang, Zeke and Chiosa, Monica and Kulkarni, Amit and Alonso, Gustavo},
  title = {{StRoM}: Smart Remote Memory},
}

@inproceedings{thalheim:rktio,
  crossref = {eurosys21},
  author = {Thalheim, J\"{o}rg and Unnibhavi, Harshavardhan and Priebe, Christian and Bhatotia, Pramod and Pietzuch, Peter},
  title = {rkt-io: A Direct {I/O} Stack for Shielded Execution},
}


@COMMENT{ FCCM________________________________________________________________,
}

@inproceedings{forencich:corundum,
  crossref = {fccm20},
  author = {Forencich, Alex and Snoeren, Alex C. and Porter, George and Papen, George},
  title = {{Corundum}: An Open-Source 100-{Gbps} {NIC}},
}


@COMMENT{ FPGA________________________________________________________________,
}

@inproceedings{shan:fpga_mapreduce,
  crossref = {fpga10},
  author = {Shan, Yi and Wang, Bo and Yan, Jing and Wang, Yu and Xu, Ningyi and Yang, Huazhong},
  title = {{FPMR}: {MapReduce} Framework on {FPGA}},
}

@inproceedings{lavasani:gorilla,
  crossref = {fpga12},
  author = {Lavasani, Maysam and Dennison, Larry and Chiou, Derek},
  title = {Compiling High Throughput Network Processors},
}

@inproceedings{chalamalasetti:fpga_memcache,
  crossref = {fpga13},
  author = {Chalamalasetti, Sai Rahul and Lim, Kevin and Wright, Mitch and AuYoung, Alvin and Ranganathan, Parthasarathy and Margala, Martin},
  title = {An {FPGA} {Memcached} Appliance},
}

@inproceedings{nurvitadhi:fpgadnn,
  crossref = {fpga17},
  author = {Nurvitadhi, Eriko and Venkatesh, Ganesh and Sim, Jaewoong and Marr, Debbie and Huang, Randy and Ong Gee Hock, Jason and Liew, Yeong Tat and Srivatsan, Krishnan and Moss, Duncan and Subhaschandra, Suchit and Boudoukh, Guy},
  title = {Can {FPGAs} Beat {GPUs} in Accelerating Next-Generation Deep Neural Networks?},
}


@COMMENT{ HOTCLOUD____________________________________________________________,
}

@inproceedings{blott:fpga_kvs,
  crossref = {hotcloud13},
  author = {Michaela Blott and Kimon Karras and Ling Liu and Kees A. Vissers and Jeremia B{\"{a}}r and Zsolt Istv{\'{a}}n},
  title = {Achieving {10Gbps} Line-rate Key-value Stores with {FPGAs}},
}


@COMMENT{ HOTI________________________________________________________________,
}

@inproceedings{liao:inicperf,
  crossref = {hoti09},
  author = {Guangdeng Liao and Laxmi Bhuyan},
  title = {Performance Measurement of an Integrated {NIC} Architecture with {10GbE}},
}

@inproceedings{birrittella:omnipath,
  crossref = {hoti15},
  author = {Birrittella, Mark S. and Debbage, Mark and Huggahalli, Ram and Kunz, James and Lovett, Tom and Rimmer, Todd and Underwood, Keith D. and Zak, Robert C.},
  title = {Intel {Omni-path} Architecture: Enabling Scalable, High Performance Fabrics},
}
@inproceedings{digirolamo:portals_offload,
  crossref = {hoti15},
  author = {Di Girolamo, S. and Jolivet, P. and Underwood, K.D. and Hoefler, T.},
  title = {Exploiting Offload Enabled Network Interfaces},
}


@COMMENT{ HOTNETS_____________________________________________________________,
}

@inproceedings{pfaff:openvswitch,
  crossref = {hotnets09},
  author = {Ben Pfaff and Justin Pettit and Keith Amidon and Martin Casado and Teemu Koponen and Scott Shenker},
  title = {Extending Networking into the Virtualization Layer},
}

@inproceedings{lantz:mininet,
  crossref = {hotnets10},
  author = {Lantz, Bob and Heller, Brandon and McKeown, Nick},
  title = {A Network in a Laptop: Rapid Prototyping for Software-Defined Networks},
}

@inproceedings{narayan:ccp,
  crossref = {hotnets17},
  author = {Narayan, Akshay and Cangialosi, Frank and Goyal, Prateesh and Narayana, Srinivas and Alizadeh, Mohammad and Balakrishnan, Hari},
  title = {The Case for Moving Congestion Control Out of the Datapath},
}

@inproceedings{ibanez:lnic,
  crossref = {hotnets19},
  author = {Ibanez, Stephen and Shahbaz, Muhammad and McKeown, Nick},
  title = {The Case for a Network Fast Path to the {CPU}},
}


@COMMENT{ HOTOS_______________________________________________________________,
}

@inproceedings{mogul:tcpoffload,
  crossref = {hotos03},
  author = {Mogul, Jeffrey C.},
  title = {{TCP} Offload is a Dumb Idea Whose Time Has Come},
}

@inproceedings{baumann:osdistsys,
  crossref = {hotos09},
  author = {Baumann, Andrew and Peter, Simon and Sch\"{u}pbach, Adrian and Singhania, Akhilesh and Roscoe, Timothy and Barham, Paul and Isaacs, Rebecca},
  title = {Your computer is already a distributed system. Why isn't your {OS}?},
}

@inproceedings{rumble:low_latency,
  crossref = {hotos11},
  author = {Rumble, Stephen M. and Ongaro, Diego and Stutsman, Ryan and Rosenblum, Mendel and Ousterhout, John K.},
  title = {It's Time for Low Latency},
}

@inproceedings {shinde:nics,
  crossref = {hotos13},
  author = {Pravin Shinde and Antoine Kaufmann and Timothy Roscoe and Stefan Kaestle},
  title = {We Need to Talk About {NICs}},
}

@inproceedings {kaufmann:flexnic_hotos,
  crossref = {hotos15},
  author = {Antoine Kaufmann and Simon Peter and Thomas Anderson and Arvind Krishnamurthy},
  title = {{FlexNIC}: Rethinking Network {DMA}},
}

@inproceedings{koller:serverless,
  crossref = {hotos17},
  author = {Koller, Ricardo and Williams, Dan},
  title = {Will Serverless End the Dominance of {Linux} in the Cloud?},
}


@COMMENT{ HPCA________________________________________________________________,
}

@inproceedings{miller:graphite,
  crossref = {hpca10},
  author = {Miller, Jason E. and Kasture, Harshad and Kurian, George and Gruenwald, Charles and Beckmann, Nathan and Celio, Christopher and Eastep, Jonathan and Agarwal, Anant},
  title = {{Graphite}: A distributed parallel simulator for multicores},
}


@COMMENT{ HPDC________________________________________________________________,
}

@inproceedings{sarkar:cni,
  crossref = {hpdc96},
  author = {Sarkar, Prasenjit and Bailey, Mary},
  title = {CNI: A High-Performance Network Interface for Workstation Clusters},
}


@COMMENT{ ICNP________________________________________________________________,
}

@inproceedings{morris:many_flows,
  crossref = {icnp97},
  author = {Morris, R.},
  title = {{TCP} Behavior with Many Flows},
}


@COMMENT{ INFOCOM_____________________________________________________________,
}

@inproceedings{pratt:arsenic,
  crossref = {infocom01},
  author = {Ian Pratt and Keir Fraser},
  title = {{Arsenic}: A User-Accessible {Gigabit} {Ethernet} Interface},
}

@inproceedings{zhao:gpu_routing,
  crossref = {infocom11},
  author={J. Zhao and X. Zhang and X. Wang and Y. Deng and X. Fu},
  title={Exploiting graphics processors for high-performance {IP} lookup in software routers},
}

@inproceedings{stephens:practical_dcb,
  crossref = {infocom14},
  author = {Stephens, Brent and Cox, Alan and Singla, Ankit and Carter, John and Dixon, Colin and Felter, Wesley},
  title = {Practical {DCB} for Improved Data Center Networks},
}


@COMMENT{ IGSC_IGCC___________________________________________________________,
}

@inproceedings{berezecki:mckvs,
  crossref = {igcc11},
  author={Berezecki, M. and Frachtenberg, E. and Paleczny, M. and Steele, K.},
  title={Many-core key-value store},
}

@COMMENT{ ISCA________________________________________________________________,
}

@inproceedings{blumrich:shrimpvnic,
  crossref = {isca94},
  author = {Blumrich, M. A. and Li, K. and Alpert, R. and Dubnicki, C. and Felten, E. W. and Sandberg, J.},
  title = {Virtual Memory Mapped Network Interface for the {SHRIMP} Multicomputer},
}

@inproceedings{desikan:simerrors,
  crossref = {isca01},
  author = {Desikan, Rajagopalan and Burger, Doug and Keckler, Stephen W.},
  title = {Measuring Experimental Error in Microprocessor Simulation},
}

@inproceedings{huggahalli:dca,
  crossref = {isca05},
  author = {Huggahalli, Ram and Iyer, Ravi and Tetrick, Scott},
  title = {Direct Cache Access for High Bandwidth Network {I/O}},
}

@inproceedings{hameed:gpinefficiency,
  crossref = {isca10},
  author = {Hameed, Rehan and Qadeer, Wajahat and Wachs, Megan and Azizi, Omid and Solomatnikov, Alex and Lee, Benjamin C. and Richardson, Stephen and Kozyrakis, Christos and Horowitz, Mark},
  title = {Understanding Sources of Inefficiency in General-Purpose Chips},
}

@inproceedings{esmaeilzadeh:darksilicon,
  crossref ={isca11},
  author = {Esmaeilzadeh, Hadi and Blem, Emily and St. Amant, Renee and Sankaralingam, Karthikeyan and Burger, Doug},
  title = {Dark Silicon and the End of Multicore Scaling},
}

@inproceedings{sanchez:zsim,
  crossref = {isca13},
  author = {Sanchez, Daniel and Kozyrakis, Christos},
  title = {{ZSim}: Fast and Accurate Microarchitectural Simulation of Thousand-Core Systems},
}

@inproceedings{putnam:catapult,
  crossref = {isca14},
  author = {Putnam, Andrew and Caulfield, Adrian M. and Chung, Eric S. and Chiou, Derek and Constantinides, Kypros and Demme, John and Esmaeilzadeh, Hadi and Fowers, Jeremy and Gopal, Gopi Prashanth and Gray, Jan and Haselman, Michael and Hauck, Scott and Heil, Stephen and Hormati, Amir and Kim, Joo-Young and Lanka, Sitaram and Larus, James and Peterson, Eric and Pope, Simon and Smith, Aaron and Thong, Jason and Xiao, Phillip Yi and Burger, Doug},
  title = {A Reconfigurable Fabric for Accelerating Large-scale Datacenter Services},
}

@inproceedings{magaki:asic_clouds,
  crossref = {isca16},
  author = {Magaki, Ikuo and Khazraee, Moein and Gutierrez, Luis Vega and Taylor, Michael Bedford},
  title = {ASIC Clouds: Specializing the Datacenter},
}

@inproceedings{jouppi:tpu,
  crossref = {isca17},
  author = {Jouppi, Norman P. and Young, Cliff and Patil, Nishant and Patterson, David and Agrawal, Gaurav and Bajwa, Raminder and Bates, Sarah and Bhatia, Suresh and Boden, Nan and Borchers, Al and Boyle, Rick and Cantin, Pierre-luc and Chao, Clifford and Clark, Chris and Coriell, Jeremy and Daley, Mike and Dau, Matt and Dean, Jeffrey and Gelb, Ben and Ghaemmaghami, Tara Vazir and Gottipati, Rajendra and Gulland, William and Hagmann, Robert and Ho, C. Richard and Hogberg, Doug and Hu, John and Hundt, Robert and Hurt, Dan and Ibarz, Julian and Jaffey, Aaron and Jaworski, Alek and Kaplan, Alexander and Khaitan, Harshit and Killebrew, Daniel and Koch, Andy and Kumar, Naveen and Lacy, Steve and Laudon, James and Law, James and Le, Diemthu and Leary, Chris and Liu, Zhuyuan and Lucke, Kyle and Lundin, Alan and MacKean, Gordon and Maggiore, Adriana and Mahony, Maire and Miller, Kieran and Nagarajan, Rahul and Narayanaswami, Ravi and Ni, Ray and Nix, Kathy and Norrie, Thomas and Omernick, Mark and Penukonda, Narayana and Phelps, Andy and Ross, Jonathan and Ross, Matt and Salek, Amir and Samadiani, Emad and Severn, Chris and Sizikov, Gregory and Snelham, Matthew and Souter, Jed and Steinberg, Dan and Swing, Andy and Tan, Mercedes and Thorson, Gregory and Tian, Bo and Toma, Horia and Tuttle, Erick and Vasudevan, Vijay and Walter, Richard and Wang, Walter and Wilcox, Eric and Yoon, Doe Hyun},
  title = {In-Datacenter Performance Analysis of a Tensor Processing Unit},
}

@inproceedings{karandikar:firesim,
  crossref = {isca18},
  author = {Karandikar, Sagar and Mao, Howard and Kim, Donggyu and Biancolin, David and Amid, Alon and Lee, Dayeol and Pemberton, Nathan and Amaro, Emmanuel and Schmidt, Colin and Chopra, Aditya and Huang, Qijing and Kovacs, Kyle and Nikolic, Borivoje and Katz, Randy and Bachrach, Jonathan and Asanovi\'{c}, Krste},
 title = {{FireSim}: {FPGA}-accelerated Cycle-exact Scale-out System Simulation in the Public Cloud},
}

@inproceedings{sutherland:nebula,
  crossref = {isca20},
  author = {Sutherland, Mark and Gupta, Siddharth and Falsafi, Babak  and Marathe, Virendra and Pnevmatikatos, Dionisios and  Daglis, Alexandros},
  title = {The {NeBuLa} {RPC}-Optimized Architecture},
}


@COMMENT{ ISPASS______________________________________________________________,
}

@inproceedings{fu:prime,
  crossref = {ispass14},
  author = {Fu, Yaosheng and Wentzlaff, David},
  title = {{PriME}: A parallel and distributed simulator for thousand-core chips}, 
}

@inproceedings{mohammad:distgem5,
  crossref = {ispass17},
  author = {Mohammad, Alian and Darbaz, Umur and Dozsa, Gabor and Diestelhorst, Stephan and Kim, Daehoon and Kim, Nam Sung},
  title = {dist-gem5: Distributed simulation of computer clusters},
}

@inproceedings{matthews:mosaicsim,
  crossref = {ispass20},
  author={Matthews, Opeoluwa and Manocha, Aninda and Giri, Davide and Orenes-Vera, Marcelo and Tureci, Esin and Sorensen, Tyler and Ham, Tae Jun and Arag{\'o}n, Juan L and Carloni, Luca P and Martonosi, Margaret},
  title = {{MosaicSim}: A Lightweight, Modular Simulator for Heterogeneous Systems},
}

@inproceedings{bruce:gem5art,
  crossref = {ispass21},
  title = {Enabling Reproducible and Agile Full-System Simulation},
  author = {Bruce, Bobby R and Akram, Ayaz and Nguyen, Hoa and Roarty, Kyle and Samani, Mahyar and Friborz, Marjan and Reddy, Trivikram and Sinclair, Matthew D and Lowe-Power, Jason}
}


@COMMENT{ LISA________________________________________________________________,
}

@inproceedings{roesch:snort,
  crossref = {lisa99},
  author = {Martin Roesch},
  title = {Snort - Lightweight Intrusion Detection for Networks},
}


@COMMENT{ MSPC________________________________________________________________,
}

@inproceedings{molka:sandybridgeperf,
  crossref = {mspc14},
  author = {Molka, Daniel and Hackenberg, Daniel and Sch\"{o}ne, Robert},
  title = {Main Memory and Cache Performance of {Intel Sandy Bridge} and {AMD Bulldozer}},
}


@COMMENT{ NICELI______________________________________________________________,
}

@inproceedings{callaghan:nfsrdma,
  crossref = {niceli03},
  author = {Callaghan, Brent and Lingutla-Raj, Theresa and Chiu, Alex and Staubach, Peter and Asad, Omer},
  title = {{NFS} over {RDMA}},
}


@COMMENT{ NSDI________________________________________________________________,
}

@inproceedings{jang:sslshader,
  crossref = {nsdi11},
  author = {Jang, Keon and Han, Sangjin and Han, Seungyeop and Moon, Sue and Park, KyoungSoo},
  title = {{SSLShader}: Cheap {SSL} Acceleration with Commodity Processors},
}

@inproceedings{nishtala:memcache_facebook,
  crossref = {nsdi13},
  author = {Nishtala, Rajesh and Fugal, Hans and Grimm, Steven and Kwiatkowski, Marc and Lee, Herman and Li, Harry C. and McElroy, Ryan and Paleczny, Mike and Peek, Daniel and Saab, Paul and Stafford, David and Tung, Tony and Venkataramani, Venkateshwaran},
  title = {Scaling {Memcache} at {Facebook}},
}

@inproceedings{dragojevic:farm,
  crossref = {nsdi14},
  author = {Dragojevi\'{c}, Aleksandar and Narayanan, Dushyanth and Hodson, Orion and Castro, Miguel},
  title = {{FaRM}: Fast Remote Memory},
}
@inproceedings{jeong:mtcp,
  crossref = {nsdi14},
  author = {Jeong, Eun Young and Woo, Shinae and Jamshed, Muhammad and Jeong, Haewon and Ihm, Sunghwan and Han, Dongsu and Park, KyoungSoo},
  title = {{mTCP}: A Highly Scalable User-level {TCP} Stack for Multicore Systems},
}
@inproceedings{lim:mica,
  crossref = {nsdi14},
  author = {Lim, Hyeontaek and Han, Dongsu and Andersen, David G. and Kaminsky, Michael},
  title = {{MICA}: A Holistic Approach to Fast In-memory Key-value Storage},
}
@inproceedings{mittal:recursive_congestion,
  crossref = {nsdi14},
  author = {Mittal, Radhika and Sherry, Justine and Ratnasamy, Sylvia and Shenker, Scott},
  title = {Recursively Cautious Congestion Control},
}
@inproceedings {sivasankar:senic,
  crossref = {nsdi14},
  author = {Sivasankar Radhakrishnan and Yilong Geng and Vimalkumar Jeyakumar and Abdul Kabbani and George Porter and Amin Vahdat},
  title = {{SENIC}: Scalable {NIC} for End-Host Rate Limiting},
}

@inproceedings{dong:pcc,
  crossref = {nsdi15},
  author = {Dong, Mo and Li, Qingxi and Zarchy, Doron and Godfrey, P. Brighten and Schapira, Michael},
  title = {{PCC}: Re-architecting Congestion Control for Consistent High Performance},
}
@inproceedings {kalia:gpupproc,
  crossref = {nsdi15},
  author = {Anuj Kalia and Dong Zhou and Michael Kaminsky and David G. Andersen},
  title = {Raising the Bar for Using {GPU}s in Software Packet Processing},
}
@inproceedings{pfaff:openvswitch_nsdi,
  crossref = {nsdi15},
  author = {Ben Pfaff and Justin Pettit and Teemu Koponen and Ethan Jackson and Andy Zhou and Jarno Rajahalme and Jesse Gross and Alex Wang and Joe Stringer and Pravin Shelar and Keith Amidon and Martin Casado},
  title = {The Design and Implementation of {Open} {vSwitch}},
}

@inproceedings {istvan:consensusbox,
  crossref = {nsdi16},
  author = {Zsolt Istv{\'a}n and David Sidler and Gustavo Alonso and Marko Vukolic},
  title = {Consensus in a Box: Inexpensive Coordination in Hardware},
}

@inproceedings {go:apunet,
  crossref = {nsdi17},
  author = {Younghwan Go and Muhammad Asim Jamshed and YoungGyoun Moon and Changho Hwang and KyoungSoo Park},
  title = {APUNet: Revitalizing {GPU} as Packet Processing Accelerator},
}
@inproceedings {perry:flowtune,
  crossref = {nsdi17},
  author = {Jonathan Perry and Hari Balakrishnan and Devavrat Shah},
  title = {{Flowtune}: Flowlet Control for Datacenter Networks},
}
@inproceedings{sharma:flexswitch,
  crossref = {nsdi17},
  author = {Naveen Kr. Sharma and Antoine Kaufmann and Thomas Anderson and Arvind Krishnamurthy and Jacob Nelson and Simon Peter},
  title = {Evaluating the Power of Flexible Packet Processing for Network Resource Allocation},
}

@inproceedings{firestone:accelnet,
  crossref = {nsdi18},
  author = {Daniel Firestone and Andrew Putnam and Sambhrama Mundkur and Derek Chiou and Alireza Dabagh and Mike Andrewartha and Hari Angepat and Vivek Bhanu and Adrian Caulfield and Eric Chung and Harish Kumar Chandrappa and Somesh Chaturmohta and Matt Humphrey and Jack Lavier and Norman Lam and Fengfen Liu and Kalin Ovtcharov and Jitu Padhye and Gautham Popuri and Shachar Raindel and Tejas Sapre and Mark Shaw and Gabriel Silva and Madhan Sivakumar and Nisheeth Srivastava and Anshuman Verma and Qasim Zuhair and Deepak Bansal and Doug Burger and Kushagra Vaid and David A. Maltz and Albert Greenberg},
  title = {{Azure} Accelerated Networking: {SmartNICs} in the Public Cloud},
}
@inproceedings{jin:netchain,
  crossref = {nsdi18},
  author = {Xin Jin and Xiaozhou Li and Haoyu Zhang and Nate Foster and Jeongkeun Lee and Robert Soul{\'e} and Changhoon Kim and Ion Stoica},
  title = {{NetChain}: Scale-Free Sub-{RTT} Coordination},
}
@inproceedings{lu:mprdma,
  crossref = {nsdi18},
  author = {Yuanwei Lu and Guo Chen and Bojie Li and Kun Tan and Yongqiang Xiong and Peng Cheng and Jiansong Zhang and Enhong Chen and Thomas Moscibroda},
  title = {Multi-Path Transport for {RDMA} in Datacenters},
}
@inproceedings{sharma:afq,
  crossref = {nsdi18},
  author = {Naveen Kr. Sharma and Ming Liu and Kishore Atreya and Arvind Krishnamurthy},
  title = {Approximating Fair Queueing on Reconfigurable Switches},
}

@inproceedings{kalia:erpc,
  crossref = {nsdi19},
  author = {Anuj Kalia and Michael Kaminsky and David Andersen},
  title = {Datacenter {RPCs} can be General and Fast},
}

@inproceedings{arashloo:tonic,
  crossref = {nsdi20},
  author = {Mina Tahmasbi Arashloo and Alexey Lavrov and Manya Ghobadi and Jennifer Rexford and David Walker and David Wentzlaff},
  title = {Enabling Programmable Transport Protocols in High-Speed {NICs}},
}
@inproceedings{kuga:nettlp,
  crossref = {nsdi20},
  author = {Yohei Kuga and Ryo Nakamura and Takeshi Matsuya and Yuji Sekiya},
  title = {{NetTLP}: A Development Platform for {PCIe} devices in Software Interacting with Hardware},
}
@inproceedings{moon:acceltcp,
  crossref = {nsdi20},
  author = {YoungGyoun Moon and SeungEon Lee and Muhammad Asim Jamshed and KyoungSoo Park},
  title = {{AccelTCP}: Accelerating Network Applications with Stateful {TCP} Offloading },
}
@inproceedings{sharma:calqueues,
  crossref = {nsdi20},
  author = {Naveen Kr. Sharma and Chenxingyu Zhao and Ming Liu and Pravein G Kannan and Changhoon Kim and Arvind Krishnamurthy and Anirudh Sivaraman},
  title = {Programmable Calendar Queues for High-speed Packet Scheduling},
}

@inproceedings {lao:atp,
  crossref = {nsdi21},
  author = {ChonLam Lao and Yanfang Le and Kshiteej Mahajan and Yixi Chen and Wenfei Wu and Aditya Akella and Michael Swift},
  title = {{ATP}: In-network Aggregation for Multi-tenant Learning},
}
@inproceedings{sapio:switchml,
  crossref = {nsdi21},
  author = {Amedeo Sapio and Marco Canini and Chen-Yu Ho and Jacob Nelson and Panos Kalnis and Changhoon Kim and Arvind Krishnamurthy and Masoud Moshref and Dan Ports and Peter Richtarik},
  title = {Scaling Distributed Machine Learning with In-Network Aggregation},
}

@COMMENT{ OSDI________________________________________________________________,
}

@inproceedings{bailey:pathfinder,
  crossref = {osdi94},
  author = {Mary L. Bailey and Burra Gopal and Michael A. Pagels and Larry L. Peterson and Prasenjit Sarkar},
  title = {{PATHFINDER}: A Pattern-Based Packet Classifier},
}

@inproceedings{druschel:lrp,
  crossref = {osdi96},
  author = {Druschel, Peter and Banga, Gaurav},
  title = {Lazy Receiver Processing ({LRP}): A Network Subsystem Architecture for Server Systems},
}
@inproceedings{mosberger:scout,
  crossref = {osdi96},
  author = {Mosberger, David and Peterson, Larry L.},
  title = {Making Paths Explicit in the {Scout} Operating System},
}

@inproceedings{banga:rescontainers,
  crossref = {osdi99},
  author = {Banga, Gaurav and Druschel, Peter and Mogul, Jeffrey C.},
  title = {Resource Containers: A New Facility for Resource Management in Server Systems},
}
@inproceedings{pai:iolite,
  crossref = {osdi99},
  author = {Pai, Vivek S. and Druschel, Peter and Zwaenepoel, Willy},
  title = {{IO-lite}: A Unified {I/O} Buffering and Caching System},
}

@inproceedings{dean:mapreduce,
  crossref = {osdi04},
  author = {Dean, Jeffrey and Ghemawat, Sanjay},
  title = {{MapReduce}: Simplified Data Processing on Large Clusters},
}

@inproceedings{burrows:chubby,
  crossref = {osdi06},
  author = {Burrows, Mike},
  title = {The {Chubby} Lock Service for Loosely-coupled Distributed Systems},
}

@inproceedings{soares:flexsc,
  crossref= {osdi10},
  author = {Soares, Livio and Stumm, Michael},
  title = {{FlexSC}: Flexible System Call Scheduling with Exception-Less System Calls}
}

@inproceedings{belay:dune,
  crossref= {osdi12},
  author = {Adam Belay and Andrea Bittau and Ali Mashtizadeh and David Terei and David Mazi{\`e}res and Christos Kozyrakis},
  title = {{Dune}: Safe User-level Access to Privileged {CPU} Features},
}
@inproceedings{han:megapipe,
  crossref = {osdi12},
  author = {Han, Sangjin and Marshall, Scott and Chun, Byung-Gon and Ratnasamy, Sylvia},
  title = {{MegaPipe}: A New Programming Interface for Scalable Network {I/O}},
}

@inproceedings{angel:virtdc,
  crossref = {osdi14},
  author = {Sebastian Angel and Hitesh Ballani and Thomas Karagiannis and Greg O{\textquoteright}Shea and Eno Thereska},
  title = {End-to-end Performance Isolation Through Virtual Datacenters},
}
@inproceedings{belay:ix,
  crossref = {osdi14},
  author = {Belay, Adam and Prekas, George and Klimovic, Ana and Grossman, Samuel and Kozyrakis, Christos and Bugnion, Edouard},
  title = {{IX}: A Protected Dataplane Operating System for High Throughput and Low Latency},
}
@inproceedings {kim:gpunet,
  crossref = {osdi14},
  author = {Sangman Kim and Seonggu Huh and Xinya Zhang and Yige Hu and Amir Wated and Emmett Witchel and Mark Silberstein},
  title = {{GPUnet}: Networking Abstractions for {GPU} Programs},
}
@inproceedings{wang:jitk,
  crossref = {osdi14},
  author = {Wang, Xi and Lazar, David and Zeldovich, Nickolai and Chlipala, Adam and Tatlock, Zachary},
  title = {{Jitk}: A Trustworthy In-kernel Interpreter Infrastructure},
}
@inproceedings{kalia:fasst,
  crossref = {osdi16},
  author = {Kalia, Anuj and Kaminsky, Michael and Andersen, David G.},
  title = {{FaSST}: Fast, Scalable and Simple Distributed Transactions with Two-sided ({RDMA}) Datagram {RPC}s},
}
@inproceedings{abadi:tensorflow,
  crossref = {osdi16},
  author = {Abadi, Mart\'{\i}n and Barham, Paul and Chen, Jianmin and Chen, Zhifeng and Davis, Andy and Dean, Jeffrey and Devin, Matthieu and Ghemawat, Sanjay and Irving, Geoffrey and Isard, Michael and Kudlur, Manjunath and Levenberg, Josh and Monga, Rajat and Moore, Sherry and Murray, Derek G. and Steiner, Benoit and Tucker, Paul and Vasudevan, Vijay and Warden, Pete and Wicke, Martin and Yu, Yuan and Zheng, Xiaoqiang},
  title = {{TensorFlow}: A System for Large-Scale Machine Learning},
}
@inproceedings{li:nopaxos,
  crossref = {osdi16},
  author = {Jialin Li and Ellis Michael and Naveen Kr. Sharma and Adriana Szekeres and Dan R. K. Ports},
  title = {Just Say {NO} to Paxos Overhead: Replacing Consensus with Network Ordering},
}

@inproceedings{chen:tvm,
  crossref = {osdi18},
  author = {Chen, Tianqi and Moreau, Thierry and Jiang, Ziheng and Zheng, Lianmin and Yan, Eddie and Cowan, Meghan and Shen, Haichen and Wang, Leyuan and Hu, Yuwei and Ceze, Luis and Guestrin, Carlos and Krishnamurthy, Arvind},
  title = {{TVM}: An Automated End-to-End Optimizing Compiler for Deep Learning}
}

@inproceedings{mangpo:floem,
  crossref = {osdi18},
  author = {Phothilimthana, Phitchaya Mangpo and Liu, Ming and Kaufmann, Antoine and Peter, Simon and Bodik, Rastislav and Anderson, Thomas},
  title = {{Floem}: A Programming System for {NIC}-accelerated Network Applications},
}
@inproceedings{shan:legoos,
  crossref = {osdi18},
  author = {Shan, Yizhou and Huang, Yutong and Chen, Yilun and Zhang, Yiying},
  title = {{LegoOS}: A disseminated, distributed {OS} for hardware resource disaggregation},
}

@inproceedings{gujarati:clockwork,
  crossref = {osdi20},
  author = {Arpan Gujarati and Reza Karimi and Safya Alzayat and Wei Hao and Antoine Kaufmann and Ymir Vigfusson and Jonathan Mace},
  title = {Serving {DNNs} like {Clockwork}: Performance Predictability from the Bottom Up},
}
@inproceedings {lin:panic,
  crossref = {osdi20},
  author = {Jiaxin Lin and Kiran Patel and Brent E. Stephens and Anirudh Sivaraman and Aditya Akella},
  title = {{PANIC}: A High-Performance Programmable {NIC} for Multi-tenant Networks},
}


@COMMENT{ PLOS________________________________________________________________,
}

@inproceedings {shinde:unicorn,
  crossref = {plos13},
  author = {Shinde, Pravin and Kaufmann, Antoine and Kourtis, Kornilios and Roscoe, Timothy},
  title = {Modeling {NICs} with {Unicorn}},
}


@COMMENT{ SAMOS_______________________________________________________________,
}

@inproceedings {menard:gem5systemc,
  crossref = {samos17},
  author = {Menard, Christian and Castrillon, Jeronimo and Jung, Matthias and Wehn, Norbert},
  title = {System simulation with gem5 and {SystemC}: The keystone for full interoperability},
}


@COMMENT{ SIGCOMM_____________________________________________________________,
}

@inproceedings{druschel:osiris,
  crossref = {sigcomm94},
  author = {Peter Druschel and Larry Peterson and Bruce Davie},
  title = {Experiences with a High-Speed Network Adaptor: A Software Perspective},
}

@inproceedings{alfares:dcnetarch,
  crossref = {sigcomm08},
  author = {Al-Fares, Mohammad and Loukissas, Alexander and Vahdat, Amin},
  title = {A Scalable, Commodity Data Center Network Architecture},
}

@inproceedings{greenberg:vl2,
  crossref = {sigcomm09},
  author = {Greenberg, Albert and Hamilton, James R. and Jain, Navendu and Kandula, Srikanth and Kim, Changhoon and Lahiri, Parantap and Maltz, David A. and Patel, Parveen and Sengupta, Sudipta},
  title = {{VL2:} a scalable and flexible data center network},
}
@inproceedings{mysore:portland,
  crossref = {sigcomm09},
  author = {Niranjan Mysore, Radhika and Pamboris, Andreas and Farrington, Nathan and Huang, Nelson and Miri, Pardis and Radhakrishnan, Sivasankar and Subramanya, Vikram and Vahdat, Amin},
  title = {{PortLand}: A Scalable Fault-tolerant Layer 2 Data Center Network Fabric},
}

@inproceedings{alizadeh:dctcp,
  crossref = {sigcomm10},
  author = {Alizadeh, Mohammad and Greenberg, Albert and Maltz, David A. and Padhye, Jitendra and Patel, Parveen and Prabhakar, Balaji and Sengupta, Sudipta and Sridharan, Murari},
  title = {Data Center {TCP} ({DCTCP})},
}
@inproceedings{han:packetshader,
  crossref = {sigcomm10},
  author = {Han, Sangjin and Jang, Keon and Park, KyoungSoo and Moon, Sue},
  title = {{PacketShader}: A {GPU}-accelerated Software Router},
}

@inproceedings{zats:detail,
  crossref = {sigcomm12},
  author = {Zats, David and Das, Tathagata and Mohan, Prashanth and Borthakur, Dhruba and Katz, Randy},
  title = {{DeTail}: Reducing the Flow Completion Time Tail in Datacenter Networks},
}

@inproceedings{bosshart:rmt,
  crossref = {sigcomm13},
  author = {Bosshart, Pat and Gibb, Glen and Kim, Hun-Seok and Varghese, George and McKeown, Nick and Izzard, Martin and Mujica, Fernando and Horowitz, Mark},
  title = {Forwarding Metamorphosis: Fast Programmable Match-action Processing in Hardware for {SDN}},
}
@inproceedings{flach:aggression,
  crossref = {sigcomm13},
  author = {Flach, Tobias and Dukkipati, Nandita and Terzis, Andreas and Raghavan, Barath and Cardwell, Neal and Cheng, Yuchung and Jain, Ankur and Hao, Shuai and Katz-Bassett, Ethan and Govindan, Ramesh},
  title = {Reducing Web Latency: The Virtue of Gentle Aggression},
}
@inproceedings{jalaparti:taillatency,
  crossref = {sigcomm13},
  author = {Jalaparti, Virajith and Bodik, Peter and Kandula, Srikanth and Menache, Ishai and Rybalkin, Mikhail and Yan, Chenyu},
  title = {Speeding Up Distributed Request-response Workflows},
}
@inproceedings{winstein:tcp_ex_machina,
  crossref = {sigcomm13},
  author = {Winstein, Keith and Balakrishnan, Hari},
  title = {{TCP} Ex Machina: Computer-generated Congestion Control},
}

@inproceedings{kalia:herd,
  crossref = {sigcomm14},
  author = {Kalia, Anuj and Kaminsky, Michael and Andersen, David G.},
  title = {Using {RDMA} Efficiently for Key-value Services},
}
@inproceedings{marinos:sandstorm,
  crossref = {sigcomm14},
  author = {Marinos, Ilias and Watson, Robert N.M. and Handley, Mark},
  title = {Network Stack Specialization for Performance},
}
@inproceedings{perry:fastpass,
  crossref={sigcomm14},
  author = {Perry, Jonathan and Ousterhout, Amy and Balakrishnan, Hari and Shah, Devavrat and Fugal, Hans},
  title = {{Fastpass}: A Centralized "Zero-queue" Datacenter Network},
}

@inproceedings{mittal:timely,
  crossref = {sigcomm15},
  author = {Mittal, Radhika and Lam, Vinh The and Dukkipati, Nandita and Blem, Emily and Wassel, Hassan and Ghobadi, Monia and Vahdat, Amin and Wang, Yaogong and Wetherall, David and Zats, David},
  title = {{TIMELY}: {RTT}-based Congestion Control for the Datacenter},
}
@inproceedings{singh:jupiter,
  crossref = {sigcomm15},
  author = {Arjun Singh and Joon Ong and Amit Agarwal and Glen Anderson and Ashby Armistead and Roy Bannon and Seb Boving and Gaurav Desai and Bob Felderman and Paulie Germano and Anand Kanagala and Jeff Provost and Jason Simmons and Eiichi Tanda and Jim Wanderer and Urs H\"olzle and Stephen Stuart and Amin Vahdat},
  title = {Jupiter {R}ising: A Decade of {C}los Topologies and Centralized Control in {G}oogle's Datacenter Network},
}
@inproceedings{zhu:dcqcn,
  crossref={sigcomm15},
  author = {Zhu, Yibo and Eran, Haggai and Firestone, Daniel and Guo, Chuanxiong and Lipshteyn, Marina and Liron, Yehonatan and Padhye, Jitendra and Raindel, Shachar and Yahia, Mohamad Haj and Zhang, Ming},
  title = {Congestion Control for Large-Scale {RDMA} Deployments},
}
@inproceedings{zilberman:netfpga_sigcomm,
  crossref = {sigcomm15},
  author = {Zilberman, Noa and Audzevich, Yury and Kalogeridou, Georgina and Manihatty-Bojan, Neelakandan and Zhang, Jingyun and Moore, Andrew},
  title = {{NetFPGA}: Rapid Prototyping of Networking Devices in Open Source},
}

@inproceedings{guo:rdma_atscale,
  crossref = {sigcomm16},
  author = {Guo, Chuanxiong and Wu, Haitao and Deng, Zhong and Soni, Gaurav and Ye, Jianxi and Padhye, Jitu and Lipshteyn, Marina},
  title = {{RDMA} over Commodity {Ethernet} at Scale},
}
@inproceedings{li:clicknp,
  crossref = {sigcomm16},
  author = {Li, Bojie and Tan, Kun and Luo, Layong (Larry) and Peng, Yanqing and Luo, Renqian and Xu, Ningyi and Xiong, Yongqiang and Cheng, Peng and Chen, Enhong},
  title = {ClickNP: Highly Flexible and High Performance Network Processing with Reconfigurable Hardware},
}
@inproceedings{nagaraj:numfabric,
  crossref = {sigcomm16},
  author = {Nagaraj, Kanthi and Bharadia, Dinesh and Mao, Hongzi and Chinchali, Sandeep and Alizadeh, Mohammad and Katti, Sachin},
  title = {{NUMFabric}: Fast and Flexible Bandwidth Allocation in Datacenters},
}
@inproceedings{sivaraman:packet_transactions,
  crossref = {sigcomm16},
  author = {Sivaraman, Anirudh and Cheung, Alvin and Budiu, Mihai and Kim, Changhoon and Alizadeh, Mohammad and Balakrishnan, Hari and Varghese, George and McKeown, Nick and Licking, Steve},
  title = {Packet Transactions: High-Level Programming for Line-Rate Switches},
}
@inproceedings{sivaraman:pifo,
  crossref = {sigcomm16},
  author = {Sivaraman, Anirudh and Subramanian, Suvinay and Alizadeh, Mohammad and Chole, Sharad and Chuang, Shang-Tse and Agrawal, Anurag and Balakrishnan, Hari and Edsall, Tom and Katti, Sachin and McKeown, Nick},
  title = {Programmable Packet Scheduling at Line Rate},
}

@inproceedings{chole:drmt,
  crossref = {sigcomm17},
  author = {Chole, Sharad and Fingerhut, Andy and Ma, Sha and Sivaraman, Anirudh and Vargaftik, Shay and Berger, Alon and Mendelson, Gal and Alizadeh, Mohammad and Chuang, Shang-Tse and Keslassy, Isaac and Orda, Ariel and Edsall, Tom},
  title = {{dRMT}: Disaggregated Programmable Switching},
}
@inproceedings{handley:ndp,
  crossref = {sigcomm17},
  author = {Handley, Mark and Raiciu, Costin and Agache, Alexandru and Voinescu, Andrei and Moore, Andrew W. and Antichi, Gianni and W\'{o}jcik, Marcin},
  title = {Re-Architecting Datacenter Networks and Stacks for Low Latency and High Performance},
}
@inproceedings{zhuo:corropt,
  crossref = {sigcomm17},
  author = {Zhuo, Danyang and Ghobadi, Monia and Mahajan, Ratul and F\"{o}rster, Klaus-Tycho and Krishnamurthy, Arvind and Anderson, Thomas},
  title = {Understanding and Mitigating Packet Corruption in Data Center Networks},
}

@inproceedings{mittal:irn,
  crossref = {sigcomm18},
  author = {Mittal, Radhika and Shpiner, Alexander and Panda, Aurojit and Zahavi, Eitan and Krishnamurthy, Arvind and Ratnasamy, Sylvia and Shenker, Scott},
  title = {Revisiting Network Support for {RDMA}},
}
@inproceedings{montazeri:homa,
  crossref = {sigcomm18},
  author = {Behnam Montazeri and Yilong Li and Mohammad Alizadeh and and John Ousterhout},
  title = {{Homa}: A Receiver-Driven Low-Latency Transport Protocol Using Network Priorities},
}
@inproceedings{neugebauer:pciebench,
  crossref = {sigcomm18},
  author = {Neugebauer, Rolf and Antichi, Gianni and Zazo, Jos\'{e} Fernando and Audzevich, Yury and L\'{o}pez-Buedo, Sergio and Moore, Andrew W.},
  title = {Understanding {PCIe} Performance for End Host Networking},
}
@inproceedings{liu:ipipe,
  crossref = {sigcomm19},
  author = {Liu, Ming and Cui, Tianyi and Schuh, Henry and Krishnamurthy, Arvind and Peter, Simon and Gupta, Karan},
  title = {Offloading Distributed Applications onto {SmartNICs} Using {IPipe}},
}

@inproceedings{kumar:swift,
  crossref = {sigcomm20},
  author = {Kumar, Gautam and Dukkipati, Nandita and Jang, Keon and Wassel, Hassan M. G. and Wu, Xian and Montazeri, Behnam and Wang, Yaogong and Springborn, Kevin and Alfeld, Christopher and Ryan, Michael and Wetherall, David and Vahdat, Amin},
  title = {Swift: Delay is Simple and Effective for Congestion Control in the Datacenter},
}


@COMMENT{ SIGMETRICS___________________________________________________________,
}

@inproceedings{reinhardt:wwt,
  crossref = {sigmetrics93},
  title={The {Wisconsin} {Wind} {Tunnel}: virtual prototyping of parallel computers},
  author={Reinhardt, Steven K and Hill, Mark D and Larus, James R and Lebeck, Alvin R and Lewis, James C and Wood, David A},
}

@inproceedings{atikoglu:kvsworkload,
  crossref = {sigmetrics12},
  author = {Atikoglu, Berk and Xu, Yuehai and Frachtenberg, Eitan and Jiang, Song and Paleczny, Mike},
  title = {Workload Analysis of a Large-scale Key-value Store},
}


@COMMENT{ SIGMETRICS_Perf_Eval_Review__________________________________________,
}

@article{rodrigues:sst,
  crossref = {sigmetrics-per},
  author = {Rodrigues, A. F. and Hemmert, K. S. and Barrett, B. W. and Kersey, C. and Oldfield, R. and Weston, M. and Risen, R. and Cook, J. and Rosenfeld, P. and Cooper-Balis, E. and Jacob, B.},
  title = {The Structural Simulation Toolkit},
  volume = 38,
  number = 4,
  month = mar,
  year = 2011,
  pages = {37--42},
}


@COMMENT{ SIGMOD_______________________________________________________________,
}

@inproceedings{toshniwal:storm,
  crossref = {sigmod14},
  author = {Toshniwal, Ankit and Taneja, Siddarth and Shukla, Amit and Ramasamy, Karthik and Patel, Jignesh M. and Kulkarni, Sanjeev and Jackson, Jason and Gade, Krishna and Fu, Maosong and Donham, Jake and Bhagat, Nikunj and Mittal, Sailesh and Ryaboy, Dmitriy},
  title = {{Storm@Twitter}},
}

@inproceedings{kulkarni:heron,
 crossref = {sigmod15},
 author = {Kulkarni, Sanjeev and Bhagat, Nikunj and Fu, Maosong and Kedigehalli, Vikas and Kellogg, Christopher and Mittal, Sailesh and Patel, Jignesh M. and Ramasamy, Karthik and Taneja, Siddarth},
 title = {Twitter {Heron}: Stream Processing at Scale},
}


@COMMENT{ SOSP________________________________________________________________,
}

@inproceedings{bershad:spin,
  crossref = {sosp95},
  author = {Bershad, B. N. and Savage, S. and Pardyak, P. and Sirer, E. G. and Fiuczynski, M. E. and Becker, D. and Chambers, C. and Eggers, S.},
 title = {Extensibility Safety and Performance in the {SPIN} Operating System},
}
@inproceedings{engler:exokernel,
  crossref = {sosp95},
  author = {Engler, D. R. and Kaashoek, M. F. and O'Toole,Jr., J.},
  title = {Exokernel: An Operating System Architecture for Application-level Resource Management},
}
@inproceedings{voneicken:unet,
  crossref = {sosp95},
  author = {von Eicken, T. and Basu, A. and Buch, V. and Vogels, W.},
  title = {{U-Net}: a user-level network interface for parallel and distributed computing},
}

@inproceedings{baumann:barrelfish,
  crossref = {sosp09},
  author = {Baumann, Andrew and Barham, Paul and Dagand, Pierre-Evariste and Harris, Tim and Isaacs, Rebecca and Peter, Simon and Roscoe, Timothy and Sch\"{u}pbach, Adrian and Singhania, Akhilesh},
  title = {The {Multikernel}: A New {OS} Architecture for Scalable Multicore Systems},
}

@inproceedings{clements:commutativity,
  crossref = {sosp13},
  author = {Clements, Austin T. and Kaashoek, M. Frans and Zeldovich, Nickolai and Morris, Robert T. and Kohler, Eddie},
  title = {The Scalable Commutativity Rule: Designing Scalable Software for Multicore Processors},
}

@inproceedings{wei:drtm,
  crossref = {sosp15},
  author = {Wei, Xingda and Shi, Jiaxin and Chen, Yanzhe and Chen, Rong and Chen, Haibo},
  title = {Fast In-memory Transaction Processing Using {RDMA} and {HTM}},
}

@inproceedings{li:kvdirect,
  crossref = {sosp17},
  author = {Li, Bojie and Ruan, Zhenyuan and Xiao, Wencong and Lu, Yuanwei and Xiong, Yongqiang and Putnam, Andrew and Chen, Enhong and Zhang, Lintao},
  title = {{KV-Direct}: High-Performance In-Memory Key-Value Store with Programmable {NIC}},
}
@inproceedings{prekas:zygos,
  crossref = {sosp17},
  author = {Prekas, George and Kogias, Marios and Bugnion, Edouard},
  title = {{ZygOS}: Achieving Low Tail Latency for Microsecond-scale Networked Tasks},
}
@inproceedings{tsai:lite,
  crossref = {sosp17},
  author = {Tsai, Shin-Yeh and Zhang, Yiying},
  title = {{LITE} Kernel {RDMA} Support for Datacenter Applications},
}


@COMMENT{ SOSR_________________________________________________________________,
}

@inproceedings{bai:ns4,
  crossref = {sosr18},
  author = {Bai, Jiasong and Bi, Jun and Kuang, Peng and Fan, Chengze and Zhou, Yu and Zhang, Cheng},
  title = {{NS4}: Enabling Programmable Data Plane Simulation},
}


@COMMENT{ SUPERCOMPUTING_______________________________________________________,
}

@inproceedings{pakin:illinoisfm,
  crossref = {supercomputing95},
  author = {Pakin, Scott and Lauria, Mario and Chien, Andrew},
  title = {High Performance Messaging on Workstations: {Illinois} {Fast} {Messages} ({FM}) for {Myrinet}},
}


@COMMENT{ TRIOS________________________________________________________________,
}

@inproceedings{kourtis:dragonet_queues,
  crossref = {trios15},
  title = {Intelligent {NIC} queue management in the {Dragonet} network stack},
  author = {Kourtis, Kornilios and Shinde, Pravin and Kaufmann, Antoine and Roscoe, Timothy},
}


@COMMENT{ USENIX_ATC___________________________________________________________,
}

@inproceedings{joubert:afpa,
  crossref = {usenixatc01},
  author = {Joubert, Philippe and King, Robert B. and Neves, Richard and Russinovich, Mark and Tracey, John M.},
  title = {High-Performance Memory-Based Web Servers: Kernel and User-Space Performance},
}
@inproceedings{lemon:kqueue,
  crossref = {usenixatc01},
  author = {Lemon, Jonathan},
  title = {{Kqueue} - A Generic and Scalable Event Notification Facility},
}

@inproceedings{elmeleegy:laio,
  crossref = {usenixatc04},
  author = {Elmeleegy, Khaled and Chanda, Anupam and Cox, Alan L. and Zwaenepoel, Willy},
  title = {Lazy Asynchronous I/O for Event-driven Servers},
}

@inproceedings{menon:tso,
  crossref = {usenixatc08},
  author = {Menon, Aravind and Zwaenepoel, Willy},
  title = {Optimizing {TCP} Receive Performance},
}

@inproceedings {rizzo:netmap,
  crossref = {usenixatc12},
  author = {Luigi Rizzo},
  title = {netmap: A Novel Framework for Fast Packet {I}/{O}},
}

@inproceedings{flajslik:llnic,
  crossref = {usenixatc13},
  author = {Flajslik, Mario and Rosenblum, Mendel},
  title = {Network Interface Design for Low Latency Request-response Protocols},
}
@inproceedings{mitchell:pilaf,
  crossref = {usenixatc13},
  author = {Mitchell, Christopher and Geng, Yifeng and Li, Jinyang},
  title = {Using One-sided {RDMA} Reads to Build a Fast, {CPU}-efficient Key-value Store},
}

@inproceedings{vasiliadis:gaspp,
  crossref = {usenixatc14},
  author = {Giorgos Vasiliadis and Lazaros Koromilas and Michalis Polychronakis and Sotiris Ioannidis},
  title = {{GASPP}: A GPU-Accelerated Stateful Packet Processing Framework},
}

@inproceedings{kalia:rdma_guidelines,
  crossref = {usenixatc16},
  author = {Kalia, Anuj and Kaminsky, Michael and Andersen, David G.},
  title = {Design Guidelines for High Performance {RDMA} Systems},
}

@inproceedings{li:femu,
  crossref = {usenixatc18},
  author = {Huaicheng Li and Mingzhe Hao and Michael Hao Tong and Swaminathan Sundararaman and Matias Bj{\o}rling and Haryadi S. Gunawi},
  title = {The {CASE} of {FEMU}: Cheap, Accurate, Scalable and Extensible Flash Emulator},
}

@inproceedings{kogias:r2p2,
  crossref = {usenixatc19},
  author = {Marios Kogias and George Prekas and Adrien Ghosn and Jonas Fietz and Edouard Bugnion},
  title = {{R2P2}: Making {RPCs} first-class datacenter citizens},
}


@COMMENT{ VALUETOOLS___________________________________________________________,
}

@inproceedings{liu:tcp_illinois,
  crossref = {valuetools06},
  author = {Liu, Shao and Ba\c{s}ar, Tamer and Srikant, R.},
  title = {{TCP-Illinois}: A Loss and Delay-based Congestion Control Algorithm for High-speed Networks},
}





@COMMENT{ ACM_QUEUE____________________________________________________________,
}

@article{currid:toe,
  crossref = {acmqueue},
  author = {Andy Currid},
  title = {{TCP} Offload to the Rescue},
  year = 2004,
  volume = 2,
  number = 3,
  month = jun
}

@article{cardwell:bbr,
  crossref = {acmqueue},
  author = {Cardwell, Neal and Cheng, Yuchung and Gunn, C. Stephen and Yeganeh, Soheil Hassas and Jacobson, Van},
  title = {{BBR}: Congestion-Based Congestion Control},
  issue_date = {September-October 2016},
  volume = 14,
  number = 5,
  month = oct,
  year = 2016,
  pages = {50:20--50:53},
}


@COMMENT{ ACM_TNET_____________________________________________________________,
}

@article{floyd:red,
  crossref = {acmtnet},
  author = {Floyd, Sally and Jacobson, Van},
  title = {Random Early Detection Gateways for Congestion Avoidance},
  volume = 1,
  number = 4,
  month = aug,
  year = 1993,
  pages = {397--413},
}

@article{karol:backpressure_deadlocks,
  crossref = {acmtnet},
  author = {Karol, Mark and Golestani, S. Jamaloddin and Lee, David},
  title = {Prevention of Deadlocks and Livelocks in Lossless Backpressured Packet Networks},
  volume = 11,
  number = 6,
  month = dec,
  year = 2003,
  pages = {923--934},
}


@COMMENT{ ACM_TOCS_____________________________________________________________,
}

@article{saltzer:end_to_end,
  crossref = {acmtocs},
  author = {Saltzer, J. H. and Reed, D. P. and Clark, D. D.},
  title = {End-to-end Arguments in System Design},
  volume = 2,
  number = 4,
  month = nov,
  year = 1984,
  pages = {277--288},
}

@article{bershad:urpc,
  crossref = {acmtocs},
  author = {Bershad, Brian N. and Anderson, Thomas E. and Lazowska, Edward D. and Levy, Henry M.},
  title = {User-Level Interprocess Communication for Shared Memory Multiprocessors},
  volume = 9,
  number = 2,
  month = may,
  year = 1991,
  pages = {175--198},
}

@article{rosenblum:lfs,
  crossref = {acmtocs},
  author = {Rosenblum, Mendel and Ousterhout, John K.},
  title = {The Design and Implementation of a Log-structured File System},
  issue_date = {February 1992},
  volume = {10},
  number = {1},
  month = feb,
  year = {1992},
  pages = {26--52},
}

@article{mogul:rxlivelock,
  crossref = {acmtocs},
  author = {Mogul, Jeffrey C. and Ramakrishnan, K. K.},
  title = {Eliminating Receive Livelock in an Interrupt-driven Kernel},
  issue_date = {August 1997},
  volume = {15},
  number = {3},
  month = aug,
  year = {1997},
  pages = {217--252},
}

@article{lamport:paxos,
  crossref = {acmtocs},
  author = {Lamport, Leslie},
  title = {The Part-time Parliament},
  issue_date = {May 1998},
  volume = 16,
  number = 2,
  month = may,
  year = 1998,
  pages = {133--169},
}

@article{kohler:click,
  crossref = {acmtocs},
  author = {Kohler, Eddie and Morris, Robert and Chen, Benjie and Jannotti, John and Kaashoek, M. Frans},
  title = {The {Click} Modular Router},
  issue_date = {Aug. 2000},
  volume = 18,
  number = 3,
  month = aug,
  year = 2000,
  pages = {263--297},
}

@article{ousterhout:ramcloud,
  crossref = {acmtocs},
  author = {Ousterhout, John and Gopalan, Arjun and Gupta, Ashish and Kejriwal, Ankita and Lee, Collin and Montazeri, Behnam and Ongaro, Diego and Park, Seo Jin and Qin, Henry and Rosenblum, Mendel and Rumble, Stephen and Stutsman, Ryan and Yang, Stephen},
  title = {The {RAMCloud} Storage System},
  issue_date = {September 2015},
  volume = {33},
  number = {3},
  month = aug,
  year = 2015,
  pages = {7:1--7:55},
}

@article{peter:arrakis,
  crossref = {acmtocs},
  author = {Peter, Simon and Li, Jialin and Zhang, Irene and Ports, Dan R. K. and Woos, Doug and Krishnamurthy, Arvind and Anderson, Thomas and Roscoe, Timothy},
  title = {{Arrakis}: The Operating System Is the Control Plane},
  issue_date = {January 2016},
  volume = {33},
  number = {4},
  month = nov,
  year = {2015},
  pages = {11:1--11:30},
}


@COMMENT{ CACM_________________________________________________________________,
}

@article{dean:tail_atscale,
  crossref = {cacm},
  author = {Dean, Jeffrey and Barroso, Luiz Andr{\'e}},
  title = {The Tail at Scale},
  year = 2013,
  month = feb,
  volume = 56,
  number = 2,
  pages = {74--80},
}

@article{dally:domainpecaccel,
  crossref = {cacm},
  author = {Dally, William J. and Turakhia, Yatish and Han, Song},
  title = {Domain-Specific Hardware Accelerators},
  issue_date = {July 2020},
  volume = 63,
  number = 7,
  month = jun,
  year = 2020,
  pages = {48--57},
}


@COMMENT{ IEEE_COMP_ARCH_LETTERS_______________________________________________,
}

@article{alian:pd-gem5,
  crossref = {ieeecal},
  author = {Alian, Mohammad and Kim, Daehoon and Sung Kim, Nam},
  title = {{Pd-Gem5}: Simulation Infrastructure for Parallel/Distributed Computer Systems},
  year = 2016,
  month = jan,
  volume = 15,
  number = 1,
  pages = {41--44},
}


@COMMENT{ IEEE_COMPUTER________________________________________________________,
}

@article{magnusson:simics,
  crossref = {ieeecomputer},
  title = {{Simics}: A full system simulation platform},
  author = {Magnusson, Peter S and Christensson, Magnus and Eskilson, Jesper and Forsgren, Daniel and Hallberg, Gustav and Hogberg, Johan and Larsson, Fredrik and Moestedt, Andreas and Werner, Bengt},
  year = 2002,
  month = aug,
  volume = 35,
  number = 2,
  pages = {50--58},
}


@COMMENT{ IEEE_MICRO___________________________________________________________,
}

@article{dunning:via,
  crossref = {ieeemicro},
  author = {Dunning, Dave and Regnier, Greg and McAlpine, Gary and Cameron, Don and Shubert, Bill and Berry, Frank and Merritt, Anne Marie and Gronke, Ed and Dodd, Chris},
  title = {The Virtual Interface Architecture},
  year = 1998,
  month = mar,
  volume = 18,
  number = 2,
  pages = {66--76},
}

@article{barroso:google_cluster,
  crossref = {ieeemicro},
  author = {Luiz Andre Barroso and Jeffrey Dean and Urs H\"{o}lzle},
  title = {Web Search for a Planet: The {Google} Cluster Architecture},
  year = 2003,
  month = mar,
  volume = 23,
  number = 2,
  pages = {22--28},
}

@article{binkert:m5,
  crossref = {ieeemicro},
  author = {Binkert, Nathan L. and Dreslinski, Ronald G. and Hsu, Lisa R. and Lim, Kevin T. and Saidi, Ali G. and Reinhardt, Steven K.},
  title = {The {M5} Simulator: Modeling Networked Systems},
  year = 2006,
  month = jul,
  volume = 26,
  number = 4,
  pages = {52--60},
}
@article{wenisch:flexus,
  crossref = {ieeemicro},
  title = {{SimFlex}: statistical sampling of computer system simulation},
  author = {Wenisch, Thomas F and Wunderlich, Roland E and Ferdman, Michael and Ailamaki, Anastassia and Falsafi, Babak and Hoe, James C},
  year = 2006,
  month = aug,
  volume = 26,
  number = 4,
  pages = {18--31},
}

@article{taylor:darsksiliconlandscape,
  crossref = {ieeemicro},
  title = {A landscape of the new dark silicon design regime},
  author = {Taylor, Michael B},
  year = 2013,
  month = aug,
  volume = 33,
  number = 5,
  pages = {8--19},
}

@article{zilberman:netfpga,
  crossref = {ieeemicro},
  author = {Zilberman, N. and Audzevich, Y. and Covington, G.A. and Moore, A.W.}, 
  title = {{NetFPGA} {SUME}: Toward 100 {Gbps} as Research Commodity}, 
  year = 2014,
  month = sep,
  volume = 34,
  number = 5,
  pages = {32--41},
}

@article{moreau:vta,
  crossref = {ieeemicro},
  author = {Moreau, Thierry and Chen, Tianqi and Vega, Luis and Roesch, Jared and Yan, Eddie and Zheng, Lianmin and Fromm, Josh and Jiang, Ziheng and Ceze, Luis and Guestrin, Carlos and Krishnamurthy, Arvind},
  title = {A Hardware–Software Blueprint for Flexible Deep Learning Specialization},
  year = 2019,
  month = sep,
  volume = 39,
  number = 5,
  pages = {8--16},
}


@COMMENT{ IEEE_TO_CAD_ICS______________________________________________________,
}

@article{kuon:fpgavasic,
  crossref = {ieeetocadics},
  title = {Measuring the gap between {FPGAs} and {ASICs}},
  author = {Kuon, Ian and Rose, Jonathan},
  year = 2007,
  month = jan,
  volume = 26,
  number = 2,
  pages = {203--215},
}


@COMMENT{ LOGIN________________________________________________________________,
}

@article{ricci:cloudlab,
  crossref = {login},
  author = {Ricci, Robert and Eide, Eric and {CloudLab Team}},
  title = {Introducing {CloudLab}: Scientific infrastructure for advancing cloud architectures and applications},
  issue_date = {December 2014},
  volume = 39,
  number = 6,
  month = dec,
  year = 2014,
  pages = {36--38},
}


@COMMENT{ P_VLDB_______________________________________________________________,
}

@article{low:graphlab,
  crossref = {pvldb},
  author = {Low, Yucheng and Bickson, Danny and Gonzalez, Joseph and Guestrin, Carlos and Kyrola, Aapo and Hellerstein, Joseph M.},
  title = {Distributed {GraphLab}: A Framework for Machine Learning and Data Mining in the Cloud},
  issue_date = {April 2012},
  volume = 5,
  number = 8,
  month = apr,
  year = 2012,
  pages = {716--727},
}

@article{binnig:rdmaoltp,
  crossref = {pvldb},
  author = {Binnig, Carsten and Crotty, Andrew and Galakatos, Alex and Kraska, Tim and Zamanian, Erfan},
  title = {The End of Slow Networks: It's Time for a Redesign},
  issue_date = {March 2016},
  volume = 9,
  number = 7,
  month = mar,
  year = 2016,
  pages = {528--539},
}


@COMMENT{ SIGARCH_CAN__________________________________________________________,
}

@article{chen:slacksim,
  crossref = {sigarchcan},
  author = {Chen, Jianwei and Annavaram, Murali and Dubois, Michel},
  title = {{SlackSim}: A Platform for Parallel Simulations of {CMPs} on {CMPs}},
  issue_date = {May 2009},
  volume = {37},
  number = {2},
  month = jul,
  year = {2009},
}

@article{binkert:gem5,
  crossref = {sigarchcan},
  author = {Binkert, Nathan and Beckmann, Bradford and Black, Gabriel and Reinhardt, Steven K. and Saidi, Ali and Basu, Arkaprava and Hestness, Joel and Hower, Derek R. and Krishna, Tushar and Sardashti, Somayeh and Sen, Rathijit and Sewell, Korey and Shoaib, Muhammad and Vaish, Nilay and Hill, Mark D. and Wood, David A.},
  title = {The {Gem5} Simulator},
  issue_date = {May 2011},
  volume = {39},
  number = {2},
  month = aug,
  year = {2011},
  pages = {1--7},
}


@COMMENT{ SIGCOMM_CCR__________________________________________________________,
}

@article{mckeown:openflow,
  crossref = {sigcommccr},
  author = {McKeown, Nick and Anderson, Tom and Balakrishnan, Hari and Parulkar, Guru and Peterson, Larry and Rexford, Jennifer and Shenker, Scott and Turner, Jonathan},
  title = {OpenFlow: Enabling Innovation in Campus Networks},
  issue_date = {April 2008},
  volume = 38,
  number = 2,
  month = mar,
  year = 2008,
  pages = {69--74},
}

@article{bosshart:p4,
  crossref = {sigcommccr},
  author = {Bosshart, Pat and Daly, Dan and Gibb, Glen and Izzard, Martin and McKeown, Nick and Rexford, Jennifer and Schlesinger, Cole and Talayco, Dan and Vahdat, Amin and Varghese, George and Walker, David},
  title = {{P4}: Programming Protocol-independent Packet Processors},
  issue_date = {July 2014},
  volume = {44},
  number = {3},
  month = jul,
  year = {2014},
  pages = {87--95},
}

@article{savage:misbehaving_receivers,
  crossref = {sigcommccr},
  author = {Savage, Stefan and Cardwell, Neal and Wetherall, David and Anderson, Tom},
  title = {{TCP} Congestion Control with a Misbehaving Receiver},
  issue_date = {October 1999},
  volume = 29,
  number = 5,
  month = oct,
  year = 1999,
  issn = {0146-4833},
  pages = {71--78},
}


@COMMENT{ SIGOPS_OSR___________________________________________________________,
}

@article{white:emulab,
  crossref = {sigopsosr},
  author = {White, Brian and Lepreau, Jay and Stoller, Leigh and Ricci, Robert and Guruprasad, Shashi and Newbold, Mac and Hibler, Mike and Barb, Chad and Joglekar, Abhijeet},
  title = {An Integrated Experimental Environment for Distributed Systems and Networks},
  issue_date = {Winter 2002},
  volume = 36,
  number = {SI},
  month = dec,
  year = 2003,
  issn = {0163-5980},
  pages = {255--270},
}


@COMMENT{ SIMUTOOLS____________________________________________________________,
}

@inproceedings{varga:omnetpp,
  crossref = {simutools08},
  author = {Varga, Andr\'{a}s and Hornig, Rudolf},
  title = {An Overview of the {OMNeT++} Simulation Environment},
}

@inproceedings{hsieh:sstgem5,
  crossref = {simutools12},
  author = {Hsieh, Mingyu and Pedretti, Kevin and Meng, Jie and Coskun, Ayse and Levenhagen, Michael and Rodrigues, Arun},
  title = {{SST} + {Gem5} = a Scalable Simulation Infrastructure for High Performance Computing},
}




@COMMENT{ CoRR_________________________________________________________________,
}

@article{song:pof,
  crossref = {corr},
  author = {Haoyu Song and Jun Gong and Hongfei Chen and Justin Dustzadeh},
  title = {Unified {POF} Programming for Diversified {SDN} Data Plane},
  volume = {abs/1405.0060},
  year = 2014,
  url = {http://arxiv.org/abs/1405.0060},
  timestamp = {Mon, 02 Jun 2014 08:30:36 +0200},
}
@article{tokusash:lake,
  crossref = {corr},
  author = {Yuta Tokusashi and Hiroki Matsutani and Noa Zilberman},
  title = {{LaKe}: An Energy Efficient, Low Latency, Accelerated Key-Value Store},
  volume = {abs/1805.11344},
  year = 2018,
  url = {https://arxiv.org/abs/1805.11344},
  timestamp = {Tue, 29 May 2018 10:16:34 UTC},
}
@article{samanta:nodnn,
  crossref = {corr},
  author = {Amit Samanta and Suhas Shrinivasan and Antoine Kaufmann and Jonathan Mace},
  title = {No {DNN} Left Behind: Improving Inference in the Cloud with Multi-Tenancy},
  volume = {abs/1901.06887},
  year = {2019},
  url = {http://arxiv.org/abs/1901.06887},
  timestamp = {Fri, 01 Feb 2019 13:39:59 +0100},
}


@COMMENT{ MISC_JOURNALS________________________________________________________,
}

@article{adiletta:nextgen_ixp,
  author = {Adiletta, Matthew and Rosenbluth, Mark and Bernstein, Debra and Wolrich, Gilbert and Wilkinson, Hugh},
  title = {The Next Generation of {Intel} {IXP} Network Processors},
  journal = {{Intel} Technology journal},
  volume = 6,
  number = 3,
  year = 2002,
  month = aug,
  pages = {6--18},
}


@COMMENT{ TECHREPORTS__________________________________________________________,
}

@techreport{tr:gorinsky:addinc,
  author={Gorinsky, Sergey and Vin, Harrick},
  title={Additive increase appears inferior},
  institution = {Department of Computer Sciences, University of Texas at Austin},
  year = 2000,
  month = may,
  number = {TR2000-18},
  url = {http://www.cs.utexas.edu/ftp/techreports/tr00-18.pdf},
}
@techreport{tr:han:softnic,
  author = {Han, Sangjin and Jang, Keon and Panda, Aurojit and Palkar, Shoumik and Han, Dongsu and Ratnasamy, Sylvia},
  title = {{SoftNIC}: A Software {NIC} to Augment Hardware},
  institution = {{EECS} Department, University of California, Berkeley},
  year = 2015,
  month = may,
  number = {UCB/EECS-2015-155},
  url = {http://www.eecs.berkeley.edu/Pubs/TechRpts/2015/EECS-2015-155.html},
}
@techreport{tr:jain:fairness,
  author = {R. Jain and D. Chiu and W. Hawe},
  title = {A Quantitative Measure of Fairness and Discrimination for Resource Allocation in Shared Computer Systems},
  institution = {Digital Equipment Corporation},
  type = {{DEC} Research Report},
  month = sep,
  year = 1984,
  number = {TR-301},
}
@techreport{tr:kapoor:chronos,
  author = {Rishi Kapoor and George Porter and Malveeka Tewari and Geoffrey M. Voelker and  Amin Vahdat},
  title = {Reducing Datacenter Application Latency with Endhost {NIC} Support},
  institution = {CSE Department, University of California, San Diego},
  year = 2012,
  month = apr,
  number = {CS2012-0977},
}
@misc{tr:slee:thrift,
  author = {Slee, Mark and Agarwal, Aditya and Kwiatkowski, Marc},
  title = {{Thrift}: Scalable cross-language services implementation},
  howpublished = {\url{http://thrift.apache.org/static/files/thrift-20070401.pdf}},
  year = 2007,
  month = apr,
}


@COMMENT{ THESES_______________________________________________________________,
}

@phdthesis{thesis:kaufmann:fastdcnet,
  author = {Antoine Kaufmann},
  title = {Efficient, Secure, and Flexible High Speed Packet Processing for Data Centers},
  school = {University of Washington},
  year = 2018,
  month = aug,
}
@phdthesis{thesis:shinde:dragonet,
  author = {Pravin Shinde},
  title = {Rethinking host network stack architecture using a dataflow modeling approach},
  school = {{ETH} Z\"{u}rich},
  year = 2016,
  month = may,
}





@COMMENT{ RFCS_________________________________________________________________,
}

@misc{rfc:arp,
  author = {David C. Plummer},
  title = {An {Ethernet} Address Resolution Protocol},
  month = nov,
  year = 1982,
  note = {RFC 826},
}

@misc{rfc:dccp,
  author = {E. Kohler and M. Handley and S. Floyd},
  title = {Datagram Congestion Control Protocol ({DCCP})},
  month = mar,
  year = 2006,
  note = {RFC 4340},
}
@misc{rfc:dccp_tcpcc,
  author = {S. Floyd and E. Kohler},
  title = {Profile for Datagram Congestion Control Protocol ({DCCP}) Congestion Control {ID} 2: {TCP}-like Congestion Control},
  month = mar,
  year = 2006,
  note = {RFC 4341},
}
@misc{rfc:ddp,
  author = {H. Shah and J. Pinkerton and R. Recio and P. Culley},
  title = {Direct Data Placement over Reliable Transports},
  month = oct,
  year = 2007,
  note = {RFC 5041},
}

@misc{rfc:ecmp,
  author = {C. Hopps},
  title = {Analysis of an Equal-Cost Multi-Path Algorithm},
  month = nov,
  year = 2000,
  note = {RFC 2992}
}

@misc{rfc:ecn,
  author = {K. Ramakrishnan and S. Floyd and D. Black},
  title = {The Addition of Explicit Congestion Notification ({ECN}) to {IP}},
  month = sep,
  year = 2001,
  note = {RFC 3168},
}

@misc{rfc:ipv4,
  author = {{Information Sciences Institute USC}},
  title =  {Internet Protocol},
  month = sep,
  year = 1981,
  note = {RFC 791},
}
@misc{rfc:ipv6,
  author = {S. Deering and R. Hinden},
  title = {Internet Protocol, Version 6 ({IPv6}) Specification},
  month = dec,
  year = 1995,
  note = {RFC 1883},
}
@misc{rfc:iwarp,
  author = {R. Recio and B. Metzler and P. Culley and J. Hilland and D. Garcia},
  title = {A Remote Direct Memory Access Protocol Specification},
  month = oct,
  year = 2007,
  note = {RFC 5040}
}
@misc{rfc:iwarp_ext,
  author = {H. Shah and F.Marti and W. Noureddine and A. Eiriksson and R. Sharp},
  title = {Remote Direct Memory Access ({RDMA}) Protocol Extensions},
  month = jun,
  year = 2014,
  note = {RFC 7306}
}

@misc{rfc:mpa,
  author = {P. Culley and U. Elzur and R. Recio and S. Bailey and J. Carrier},
  title = {Marker {PDU} Aligned Framing for {TCP} Specification},
  month = oct,
  year = 2007,
  note = {RFC 5044}
}

@misc{rfc:oncrpc,
  author = {R. Thurlow},
  title = {{RPC}: Remote Procedure Call Protocol Specification Version 2},
  month = may,
  year = 2009,
  note = {RFC 5531},
}

@misc{rfc:sctp,
  author = {R. Stewart and Q. Xie and K. Morneault and C. Sharp and H.
    Schwarzbauer and T. Taylor and I. Rytina and M. Kalla and L. Zhang and V. Paxson},
  title = {Stream Control Transmission Protocol},
  month = oct,
  year = 2000,
  note = {RFC 2960}
}

@misc{rfc:tcp,
  author = {J. Postel},
  title = {Transmission Control Protocol},
  month = sep,
  year = 1981,
  note = {RFC 793}
}
@misc{rfc:tcp_cc,
  author = {W. Stevens},
  title = {{TCP} Slow Start, Congestion Avoidance, Fast Retransmit, and Fast Recovery Algorithms},
  month = jan,
  year = 1997,
  note = {RFC 2001},
}

@misc{rfc:udp,
  author = {J. Postel},
  title = {User Datagram Protocol},
  month = aug,
  year = 1980,
  note = {RFC 768},
}

@misc{rfc:nfsv4,
  author = {T. Haynes and D. Noveck},
  title = {Network File System ({NFS}) Version 4 Protocol},
  month = mar,
  year = 2015,
  note = {RFC 7530}
}


@COMMENT{ SPECS________________________________________________________________,
}

@misc{spec:400gbe,
  author = {{IEEE 802.3bs Task Force}},
  title = {{P802.3bs-2017} - {IEEE} Standard for {Ethernet} Amendment 10: Media Access Control Parameters, Physical Layers and Management Parameters for 200 {Gb/s} and 400 {Gb/s} Operation},
  year = 2017,
  month = jan,
}
@misc{spec:chelsio_toe,
  author = {{Chelsio Communications}},
  title = {{TCP} Offload at 40{Gbps}},
  year = 2013,
  howpublished = {\url{http://www.chelsio.com/wp-content/uploads/2013/09/TOE-Technical-Brief.pdf}}
}
@misc{spec:cxl,
  author = {{CXL Consortium}},
  title = {Compute Express Link ({CXL})},
  year = 2020,
  month = oct,
  note = {Revision 2.0},
  howpublished = {\url{https://www.computeexpresslink.org/spec-landing}},
}

@misc{spec:ddio,
  author = {{Intel Corporation}},
  title = {Intel Data Direct {I/O} Technology ({Intel DDIO}): A Primer},
  month = feb,
  year = 2012,
  note = {Revision 1.0},
  howpublished = {\url{http://www.intel.com/content/dam/www/public/us/en/documents/technology-briefs/data-direct-i-o-technology-brief.pdf}}
}
@misc{spec:infiniband,
  author = {{Infiniband Trade Organization}},
  title = {Introduction to {Infiniband} for End Users},
  month = apr,
  year = 2010,
  howpublished = {\url{https://cw.infinibandta.org/document/dl/7268}}
}
@misc{spec:infiniband_vol1,
  author = {{Infiniband Trade Association}},
  title = {{Infiniband} Architecture Specification Volume 1},
  note = {Release 1.3},
  month = mar,
  year = 2015,
  howpublished = {\url{https://cw.infinibandta.org/document/dl/7859}}
}
@misc{spec:infiniband_vol2,
  author = {{Infiniband Trade Association}},
  title = {{Infiniband} Architecture Specification Volume 2},
  note = {Release 1.3.1},
  month = nov,
  year = 2016,
  howpublished = {\url{https://cw.infinibandta.org/document/dl/8125}}
}
@misc{spec:intel_82599,
  author = {{Intel Corporation}},
  title = {Intel 82599 10 {GbE} Controller Datasheet},
  month = jan,
  year = 2014,
  note = {Revision 2.9},
  howpublished = {\url{https://www.intel.com/content/dam/www/public/us/en/documents/datasheets/82599-10-gbe-controller-datasheet.pdf}}
}
@misc{spec:intel_rss,
  author = {{Intel Corporation}},
  title = {Receive Side Scaling on {Intel} Network Adapters},
  month = jun,
  year = 2016,
  howpublished = {\url{http://www.intel.com/content/www/us/en/support/network-and-i-o/ethernet-products/000006703.html}}
}
@Article{spec:intel_sriov,
  author = {{Intel Corporation}},
  title = {{PCI-SIG} {SR-IOV} primer: An introduction to {SR-IOV} technology},
  journal = {Intel application note},
  month = jan,
  year = 2011,
  note = {Revision 2.5},
  howpublished ={\url{https://www.intel.sg/content/dam/doc/application-note/pci-sig-sr-iov-primer-sr-iov-technology-paper.pdf}}
}
@misc{spec:intel_x710,
  author = {{Intel Corporation}},
  title = {{Intel} {Ethernet} Controller {X710/ XXV710/XL710} Datasheet},
  month = oct,
  year = 2020,
  note = {Revision 3.7},
  howpublished = {\url{https://cdrdv2.intel.com/v1/dl/getContent/332464}}
}

@misc{spec:mellanox_roce,
  author = {{Mellanox Technologies}},
  title = {{RoCE} in the Data Center},
  month = oct,
  year = 2014,
  howpublished = {\url{http://www.mellanox.com/related-docs/whitepapers/roce_in_the_data_center.pdf}}
}
@misc{spec:mpi,
  author = {{Message Passing Interface Forum}},
  title = {{MPI}: A Message-Passing Interface Standard},
  month = jun,
  year = 2015,
  note = {Version 3.1},
  howpublished = {\url{https://www.mpi-forum.org/docs/}},
}
@misc{spec:netronome_p4,
  author = {{Netronome Systems, Inc.}},
  title = {Programming {NFP} with {P4} and {C}},
  month = nov,
  year = 2016,
  howpublished = {\url{https://www.netronome.com/media/redactor_files/WP_Programming_with_P4_and_C.pdf}}
}
@misc{spec:pci_tph,
  author = {{PCI-SIG}},
  title = {{TLP} Processing Hints},
  month = sep,
  year = 2008,
  note = {PCI-SIG Engineering Change Notice},
  howpublished = {\url{https://www.pcisig.com/specifications/pciexpress/specifications/ECN_TPH_11Sept08.pdf}}
}
@misc{spec:pci_atomic,
  author = {{PCI-SIG}},
  title = {Atomic Operations},
  month = jan,
  year = 2008,
  note = {PCI-SIG Engineering Change Notice},
  howpublished = {\url{https://www.pcisig.com/specifications/pciexpress/specifications/ECN_Atomic_Ops_080417.pdf}}
}
@misc{spec:pfc,
  author = {{IEEE 802.1}},
  title = {{802.1Qbb} -- Priority-based Flow Control},
  month = jun,
  note = 2011,
  howpublished = {\url{https://1.ieee802.org/dcb/802-1qbb/}},
}
@misc{spec:portals,
  author = {Brian W. Barrett and Ron Brightwell and Scott Hemmert and Kevin Pedretti and Kyle Wheeler and Keith Underwood and Rolf Riesen and Arthur B. Maccabee and Trammell Hudson},
  title = {The {Portals} 4.0.1 Network Programming Interface},
  organization = {Sandia National Laboratories},
  edition = {SAND2013-3181},
  month = apr,
  year = 2013,
  howpublished = {\url{http://www.cs.sandia.gov/Portals/portals401.pdf}},
}
@misc{spec:rdma_tcpip,
  author = {{RDMA Consortium}},
  title = {Architectural specifications for {RDMA} over {TCP/IP}},
  howpublished = {\url{http://www.rdmaconsortium.org/}}
}
@misc{spec:roce,
  author = {{Infiniband Trade Association}},
  title = {Annex A 16: {RoCE}},
  month = apr,
  year = {2010},
  note = {Release 1.2.1},
  howpublished = {\url{https://cw.infinibandta.org/document/dl/7148}},
}
@misc{spec:rocev2,
  author = {{Infiniband Trade Association}},
  title = {Annex A 17: {RoCEv2}},
  month = sep,
  year = {2014},
  note = {Release 1.2.1},
  howpublished = {\url{https://cw.infinibandta.org/document/dl/7781}},
}
@misc{spec:spdy,
  author = {{Google}},
  title = {{SPDY}: An experimental protocol for a faster web},
  howpublished = {\url{http://www.chromium.org/spdy/spdy-whitepaper}}
}
@misc{spec:smb,
  author = {{Microsoft Corporation}},
  title = {Server Message Block ({SMB}) Protocol Versions 2 and 3},
  note = {Revision 55.0},
  howpublished = {\url{https://msdn.microsoft.com/en-us/library/cc246482.aspx}},
}
@misc{spec:smbdirect,
  author = {{Microsoft Corporation}},
  title = {{SMB2} Remote Direct Memory Access ({RDMA}) Transport Protocol},
  note = {Revision 11.0},
  howpublished = {\url{https://msdn.microsoft.com/en-us/library/hh536346.aspx}},
}
@misc{spec:quic,
  author = {R. Hamilton and J. Iyengar and I. Swett and A. Wilk},
  title = {{QUIC}: A {UDP}-Based Secure and Reliable Transport for {HTTP/2}},
  month = jan,
  year = 2016,
  howpublished = {\url{https://tools.ietf.org/html/draft-tsvwg-quic-protocol-02}}
}


@COMMENT{ SOFTWARE_____________________________________________________________,
}

@misc{software:dpdk,
  key = {DPDK},
  author = {{DPDK Project}},
  title = {Data Plane Development Kit},
  year = 2022,
  howpublished = {\url{http://www.dpdk.org/}},
  note = {Retrieved Feb 2, 2022},
}

@misc{software:grpc,
  key = {grpc},
  title = {grpc},
  howpublished = {\url{https://grpc.io/}},
}

@misc{software:lwip,
  key = {lwip},
  title = {{lwIP} -- A Lightweight {TCP}/{IP} stack},
  howpublished = {\url{https://savannah.nongnu.org/projects/lwip/}}
}

@misc{software:memcached,
  key = {memcached},
  title = {memcached -- distributed memory object caching system},
  howpublished = {\url{http://memcached.org/}}
}
@misc{software:modelsim,
  key = {modelsim},
  author = {Siemens},
  title = {{ModelSim} {HDL} Simulator},
  year = 2022,
  howpublished = {\url{https://eda.sw.siemens.com/en-US/ic/modelsim/}},
  note = {Retrieved Feb 2, 2022},
}

@misc{software:ns2,
  key = {ns-2},
  author = {{ns-2 Authors}},
  title = {The Network Simulator - ns-2},
  year = 2022,
  howpublished = {\url{https://www.isi.edu/nsnam/ns/}},
  note = {Retrieved Feb 2, 2022},
}
@misc{software:ns3,
  key = {ns-3},
  author = {nsnam},
  title = {ns-3 | a discrete-event network simulator for internet systems},
  year = 2022,
  howpublished = {\url{https://www.nsnam.org/}},
  note = {Retrieved Feb 2, 2022},
}
@misc{software:omnetinet,
  key = {inet},
  author = {{INET Authors}},
  title = {{INET} Framework},
  year = 2022,
  howpublished = {\url{https://inet.omnetpp.org/}},
  note = {Retrieved Feb 2, 2022},
}
@misc{software:redis,
  key = {redis},
  title = {Redis},
  howpublished = {\url{http://redis.io/}}
}
@misc{software:rsockets,
  author = {{OpenIB.org}},
  title = {rsocket Protocol and Design Guide},
  howpublished = {\url{https://github.com/linux-rdma/rdma-core/blob/master/librdmacm/docs/rsocket}},
}

@misc{software:p4studio,
  author = {{Intel Corporation}},
  title = {{Intel} {P4} Studio},
  year = 2022,
  howpublished = {\url{https://www.intel.com/content/www/us/en/products/network-io/programmable-ethernet-switch/p4-suite/p4-studio.html}},
  note = {Retrieved Feb 2, 2022},
}

@misc{software:qemu,
  key = {qemu},
  author = {{QEMU Authors}},
  title = {{QEMU} -- the {FAST}! processor emulator},
  year = 2022,
  howpublished = {\url{https://www.qemu.org/}},
  note = {Retrieved Feb 2, 2022},
}
@misc{software:questa,
  author = {{Mentor}},
  title = {{Questa} advanced simulator},
  howpublished = {\url{https://www.mentor.com/products/fv/questa/}},
}

@misc{software:verilator,
  key = {verilator},
  author = {Wilson Snyder},
  title = {{Verilator} -- the fastest Verilog {HDL} simulator},
  year = 2022,
  howpublished = {\url{https://www.veripool.org/wiki/verilator}},
  note = {Retrieved Feb 2, 2022},
}
@misc{software:vivado_sim,
  author = {{Xilinx}},
  title = {{Vivado} 2021.2 Logic Simulation},
  year = 2022,
  howpublished = {\url{https://www.xilinx.com/support/documentation-navigation/design-hubs/dh0010-vivado-simulation-hub.html}},
  note = {Retrieved Feb 2, 2022},
}

@misc{software:linux:nfsrdma,
  key = {nfs rdma},
  title = {{NFS}/{RDMA} README},
  howpublished = {\url{https://www.kernel.org/doc/Documentation/filesystems/nfs/nfs-rdma.txt}},
}

@COMMENT{ PRODUCTS_____________________________________________________________,
}

@misc{product:amazon:lambda,
  author = {{Amazon Web Services}},
  title = {{AWS} {Lambda} -- Serverless Compute},
  howpublished = {\url{https://aws.amazon.com/lambda/}},
}

@misc{product:cavium:octeon,
  author = {{Cavium Corporation}},
  title = {{OCTEON} {II} {CN68XX} Multi-Core {MIPS64} Processors},
  howpublished = {\url{http://www.cavium.com/pdfFiles/CN68XX_PB_Rev1.pdf}},
}
@misc{product:cavium:xpliant,
  author ={{Cavium Corporation}},
  title={{{XPliant} {Ethernet} Switch Product Family}},
  howpublished={\url{http://www.cavium.com/XPliant-Ethernet-Switch-Product-Family.html}},
}

@misc{product:google:cloudfunctions,
  author = {{Google Cloud Platform}},
  title = {{Cloud} {Functions} -- Serverless Environment to Build and Connect Cloud Services},
  howpublished = {\url{https://cloud.google.com/functions/}},
}

@misc{product:ibm:cloudfunctions,
  author = {{IBM Corporation}},
  title = {{Cloud} {Functions} -- Overview},
  howpublished = {\url{https://www.ibm.com/cloud/functions}},
}

@misc{product:intel:tofino,
  author = {{Intel Corporation}},
  title = {{Intel} {Tofino} Series Programmable Switch {ASIC}},
  year = 2022,
  howpublished = {\url{https://www.intel.com/content/www/us/en/products/network-io/programmable-ethernet-switch/tofino-series.html}},
  note = {Retrieved Feb 2, 2022},
}

@misc{product:netronome:nfp6,
  author = {Netronome},
  title = {{NFP-6xxx} Flow Processor},
  howpublished = {\url{https://netronome.com/product/nfp-6xxx/}},
}

@misc{product:vmware:nsx,
  author = {{VMware}},
  title = {Network Virtualization with {VMware} {NSX} Virtualized Network},
  howpublished = {\url{http://www.vmware.com/products/nsx}},
}
