%########################################################################
%# DO NOT MODIFY IN PAPER REPO
%# continuously copied from https://github.com/FreakyPenguin/bibliography

@string{s-proc = ""}

@string{s-acm = "ACM"}
@string{s-ieee = "IEEE"}
@string{s-usenix = "USENIX"}

@COMMENT { Journals }
@string{s-cacm = "Communications of the "#s-acm}
@string{s-ieeecal = s-ieee#" Computer Architecture Letters"}
@string{s-ieeecst = s-ieee#" Communications Surveys and Tutorials"}
@string{s-ieeecomputer = s-ieee#" Computer"}
@string{s-ieeemicro = s-ieee#" Micro"}
@string{s-ieeetocadics= s-ieee#" Transactions on Computer-Aided Design of Integrated Circuits and Systems"}
@string{s-ieeetose= s-ieee#" Transactions on Software Engineering"}
@string{s-jacm= "Journal of the "#s-acm}
@string{s-login = s-usenix#" ;login:"}
@string{s-sigcommccr = "SIGCOMM Computer Communication Review"}
@string{s-sigarchcan = "SIGARCH Computer Architecture News"}
@string{s-sigopsosr = s-acm#" SIGOPS Operating Systems Review"}
@string{s-acmqueue = s-acm#" Queue"}
@string{s-acmtocs = s-ieee#"/"#s-acm#" Transactions on Networking"}
@string{s-acmtocs = s-acm#" Transactions on Computer Systems"}
@string{s-pvldb = "Proceedings of the VLDB Endowment"}

@COMMENT { Conferences }
@string{s-ancs = s-acm#"/"#s-ieee#" Symposium on Architectures for Networking and Communications Systems"}
@string{s-asplos = "International Conference on Architectural Support for Programming Languages and Operating Systems"}
@string{s-cases = "International Conference on Compilers, Architectures and Synthesis for Embedded Systems"}
@string{s-cgo = "International Symposium on Code Generation and Optimization"}
@string{s-conext = s-acm#" Conference on Emerging Networking Experiments and Technologies"}
@string{s-dac = "Annual Design Automation Conference"}
@string{s-eurosys = s-acm#" European Conference on Computer Systems"}
@string{s-fccm = s-ieee#" Annual International Symposium on Field-Programmable Custom Computing Machines"}
@string{s-fpga = s-acm#"/SIGDA International Symposium on Field Programmable Gate Arrays"}
@string{s-hotcloud = s-usenix#" Workshop on Hot Topics in Cloud Computing"}
@string{s-hoti = s-ieee#" Symposium on High Performance Interconnects"}
@string{s-hotnets = s-acm#" Workshop on Hot Topics in Networks"}
@string{s-hotos = "Workshop on Hot Topics in Operating Systems"}
@string{s-hpca = s-ieee#" International Symposium on High-Performance Computer Architecture"}
@string{s-hpdc = s-ieee#" International Symposium on High Performance Distributed Computing"}
@string{s-icnp = s-ieee#" International Conference on Network Protocols"}
@string{s-igcc = "International Green Computing Conference and Workshops"}
@string{s-ispass = s-ieee#" International Symposium on Performance Analysis of Systems and Software"}
@string{s-infocom = s-ieee#" International Conference on Computer Communications"}
@string{s-isca = "Annual International Symposium on Computer Architecture"}
@string{s-lisa = s-usenix#" Conference on System Administration"}
@string{s-mobisys = "International Conference on Mobile Systems, Applications, and Services"}
@string{s-mspc = "Workshop on Memory Systems Performance and Correctness"}
@string{s-niceli = s-usenix#" SIGCOMM Workshop on Network-I/O Convergence: Experience, Lessons, Implications"}
@string{s-nsdi = s-usenix#" Symposium on Networked Systems Design and Implementation"}
@string{s-osdi = s-usenix#" Symposium on Operating Systems Design and Implementation"}
@string{s-plos = "Workshop on Programming Languages and Operating Systems"}
@string{s-samos = "International Conference on Embedded Computer Systems: Architectures, Modeling, and Simulation"}
@string{s-sigcomm = s-acm#" SIGCOMM Conference on Data Communication"}
@string{s-sigmetrics = s-acm#" SIGMETRICS International Conference on Measurement and Modeling of Computer Science"}
@string{s-sigmetricsper = s-acm#" SIGMETRICS Performance Evaluation Review"}
@string{s-sigmod = s-acm#" SIGMOD International Conference on Management of Data"}
@string{s-simutools = "International Conference on Simulation Tools and Techniques for Communications, Networks and Systems \& Workshops"}
@string{s-sosp = s-acm#" Symposium on Operating Systems Principles"}
@string{s-sosr = s-acm#" Symposium on SDN Research"}
@string{s-supercomputing = s-acm#"/"#s-ieee#" Conference on Supercomputing"}
@string{s-trios = "Conference of Timely Results in Operating Systems"}
@string{s-usenixatc = s-usenix#" Annual Technical Conference"}
@string{s-valuetools = "International Conference on Performance Evaluation Methodolgies and Tools"}

@COMMENT { Other }
@string{s-corr = "CoRR"}
